run_id,t,agent_id,agent_type,action_type,price_cperkwh,qty_kwh,offers_seen,solver_calls,learners_steps,wall_ms,mem_mb
cell,0,satisficer_0,Satisficer,post,,,0,0,0,0.003,28.78
cell,0,satisficer_1,Satisficer,post,,,0,0,0,0.001,28.78
cell,0,satisficer_2,Satisficer,post,,,0,0,0,0.001,28.78
cell,0,satisficer_3,Satisficer,post,,,0,0,0,0.001,28.78
cell,0,satisficer_4,Satisficer,post,,,0,0,0,0.001,28.78
cell,0,satisficer_5,Satisficer,post,,,0,0,0,0.001,28.78
cell,0,satisficer_6,Satisficer,post,,,0,0,0,0.001,28.78
cell,0,satisficer_7,Satisficer,post,,,0,0,0,0.001,28.78
cell,0,satisficer_8,Satisficer,post,,,0,0,0,0.001,28.78
cell,0,satisficer_9,Satisficer,post,,,0,0,0,0.001,28.78
cell,0,satisficer_10,Satisficer,post,,,0,0,0,0.001,28.78
cell,0,satisficer_11,Satisficer,post,,,0,0,0,0.001,28.78
cell,0,satisficer_12,Satisficer,post,,,0,0,0,0.001,28.78
cell,0,satisficer_13,Satisficer,post,,,0,0,0,0.001,28.78
cell,0,satisficer_14,Satisficer,post,,,0,0,0,0.001,28.78
cell,0,satisficer_15,Satisficer,post,,,0,0,0,0.001,28.78
cell,0,satisficer_16,Satisficer,post,,,0,0,0,0.001,28.78
cell,0,satisficer_17,Satisficer,post,,,0,0,0,0.001,28.78
cell,0,satisficer_18,Satisficer,post,,,0,0,0,0.001,28.78
cell,0,satisficer_19,Satisficer,post,,,0,0,0,0.001,28.78
cell,0,satisficer_20,Satisficer,post,,,0,0,0,0.001,28.78
cell,0,satisficer_21,Satisficer,post,,,0,0,0,0.001,28.78
cell,0,satisficer_22,Satisficer,post,,,0,0,0,0.001,28.78
cell,0,satisficer_23,Satisficer,post,,,0,0,0,0.001,28.78
cell,0,satisficer_24,Satisficer,post,,,0,0,0,0.001,28.78
cell,0,satisficer_25,Satisficer,post,,,0,0,0,0.001,28.78
cell,0,satisficer_26,Satisficer,post,,,0,0,0,0.001,28.78
cell,0,satisficer_27,Satisficer,post,,,0,0,0,0.001,28.78
cell,0,satisficer_28,Satisficer,post,,,0,0,0,0.001,28.78
cell,0,satisficer_29,Satisficer,post,,,0,0,0,0.001,28.78
cell,0,satisficer_30,Satisficer,post,,,0,0,0,0.001,28.78
cell,0,satisficer_31,Satisficer,post,,,0,0,0,0.001,28.78
cell,0,satisficer_32,Satisficer,post,,,0,0,0,0.001,28.78
cell,0,satisficer_33,Satisficer,post,,,0,0,0,0.001,28.78
cell,0,satisficer_34,Satisficer,post,,,0,0,0,0.001,28.78
cell,0,satisficer_35,Satisficer,post,,,0,0,0,0.001,28.78
cell,0,satisficer_36,Satisficer,post,,,0,0,0,0.001,28.78
cell,0,satisficer_37,Satisficer,post,,,0,0,0,0.001,28.78
cell,0,satisficer_38,Satisficer,post,,,0,0,0,0.001,28.78
cell,0,satisficer_39,Satisficer,post,,,0,0,0,0.001,28.78
cell,0,satisficer_40,Satisficer,post,,,0,0,0,0.001,28.78
cell,0,satisficer_41,Satisficer,post,,,0,0,0,0.001,28.78
cell,0,satisficer_42,Satisficer,post,,,0,0,0,0.001,28.78
cell,0,satisficer_43,Satisficer,post,,,0,0,0,0.001,28.78
cell,0,satisficer_44,Satisficer,post,,,0,0,0,0.001,28.78
cell,0,satisficer_45,Satisficer,post,,,0,0,0,0.001,28.78
cell,0,satisficer_46,Satisficer,post,,,0,0,0,0.001,28.78
cell,0,satisficer_47,Satisficer,post,,,0,0,0,0.001,28.78
cell,0,satisficer_48,Satisficer,post,,,0,0,0,0.001,28.78
cell,0,satisficer_49,Satisficer,post,,,0,0,0,0.001,28.78
cell,1,satisficer_0,Satisficer,post,,,0,0,0,0.001,28.78
cell,1,satisficer_1,Satisficer,post,,,0,0,0,0.001,28.78
cell,1,satisficer_2,Satisficer,post,,,0,0,0,0.001,28.78
cell,1,satisficer_3,Satisficer,post,,,0,0,0,0.001,28.78
cell,1,satisficer_4,Satisficer,post,,,0,0,0,0.001,28.78
cell,1,satisficer_5,Satisficer,post,,,0,0,0,0.001,28.78
cell,1,satisficer_6,Satisficer,post,,,0,0,0,0.001,28.78
cell,1,satisficer_7,Satisficer,post,,,0,0,0,0.001,28.78
cell,1,satisficer_8,Satisficer,post,,,0,0,0,0.001,28.78
cell,1,satisficer_9,Satisficer,post,,,0,0,0,0.001,28.78
cell,1,satisficer_10,Satisficer,post,,,0,0,0,0.001,28.78
cell,1,satisficer_11,Satisficer,post,,,0,0,0,0.001,28.78
cell,1,satisficer_12,Satisficer,post,,,0,0,0,0.001,28.78
cell,1,satisficer_13,Satisficer,post,,,0,0,0,0.001,28.78
cell,1,satisficer_14,Satisficer,post,,,0,0,0,0.001,28.78
cell,1,satisficer_15,Satisficer,post,,,0,0,0,0.001,28.78
cell,1,satisficer_16,Satisficer,post,,,0,0,0,0.001,28.78
cell,1,satisficer_17,Satisficer,post,,,0,0,0,0.001,28.78
cell,1,satisficer_18,Satisficer,post,,,0,0,0,0.001,28.78
cell,1,satisficer_19,Satisficer,post,,,0,0,0,0.001,28.78
cell,1,satisficer_20,Satisficer,post,,,0,0,0,0.001,28.78
cell,1,satisficer_21,Satisficer,post,,,0,0,0,0.001,28.78
cell,1,satisficer_22,Satisficer,post,,,0,0,0,0.001,28.78
cell,1,satisficer_23,Satisficer,post,,,0,0,0,0.001,28.78
cell,1,satisficer_24,Satisficer,post,,,0,0,0,0.001,28.78
cell,1,satisficer_25,Satisficer,post,,,0,0,0,0.001,28.78
cell,1,satisficer_26,Satisficer,post,,,0,0,0,0.001,28.78
cell,1,satisficer_27,Satisficer,post,,,0,0,0,0.001,28.78
cell,1,satisficer_28,Satisficer,post,,,0,0,0,0.001,28.78
cell,1,satisficer_29,Satisficer,post,,,0,0,0,0.001,28.78
cell,1,satisficer_30,Satisficer,post,,,0,0,0,0.001,28.78
cell,1,satisficer_31,Satisficer,post,,,0,0,0,0.001,28.78
cell,1,satisficer_32,Satisficer,post,,,0,0,0,0.001,28.78
cell,1,satisficer_33,Satisficer,post,,,0,0,0,0.001,28.78
cell,1,satisficer_34,Satisficer,post,,,0,0,0,0.001,28.78
cell,1,satisficer_35,Satisficer,post,,,0,0,0,0.001,28.78
cell,1,satisficer_36,Satisficer,post,,,0,0,0,0.001,28.78
cell,1,satisficer_37,Satisficer,post,,,0,0,0,0.001,28.78
cell,1,satisficer_38,Satisficer,post,,,0,0,0,0.001,28.78
cell,1,satisficer_39,Satisficer,post,,,0,0,0,0.001,28.78
cell,1,satisficer_40,Satisficer,post,,,0,0,0,0.001,28.78
cell,1,satisficer_41,Satisficer,post,,,0,0,0,0.001,28.78
cell,1,satisficer_42,Satisficer,post,,,0,0,0,0.001,28.78
cell,1,satisficer_43,Satisficer,post,,,0,0,0,0.001,28.78
cell,1,satisficer_44,Satisficer,post,,,0,0,0,0.001,28.78
cell,1,satisficer_45,Satisficer,post,,,0,0,0,0.001,28.78
cell,1,satisficer_46,Satisficer,post,,,0,0,0,0.001,28.78
cell,1,satisficer_47,Satisficer,post,,,0,0,0,0.001,28.78
cell,1,satisficer_48,Satisficer,post,,,0,0,0,0.001,28.78
cell,1,satisficer_49,Satisficer,post,,,0,0,0,0.001,28.78
cell,2,satisficer_0,Satisficer,post,,,0,0,0,0.001,28.78
cell,2,satisficer_1,Satisficer,post,,,0,0,0,0.001,28.78
cell,2,satisficer_2,Satisficer,post,,,0,0,0,0.001,28.78
cell,2,satisficer_3,Satisficer,post,,,0,0,0,0.001,28.78
cell,2,satisficer_4,Satisficer,post,,,0,0,0,0.001,28.78
cell,2,satisficer_5,Satisficer,post,,,0,0,0,0.001,28.78
cell,2,satisficer_6,Satisficer,post,,,0,0,0,0.001,28.78
cell,2,satisficer_7,Satisficer,post,,,0,0,0,0.001,28.78
cell,2,satisficer_8,Satisficer,post,,,0,0,0,0.001,28.78
cell,2,satisficer_9,Satisficer,post,,,0,0,0,0.001,28.78
cell,2,satisficer_10,Satisficer,post,,,0,0,0,0.001,28.78
cell,2,satisficer_11,Satisficer,post,,,0,0,0,0.001,28.78
cell,2,satisficer_12,Satisficer,post,,,0,0,0,0.001,28.78
cell,2,satisficer_13,Satisficer,post,,,0,0,0,0.001,28.78
cell,2,satisficer_14,Satisficer,post,,,0,0,0,0.001,28.78
cell,2,satisficer_15,Satisficer,post,,,0,0,0,0.001,28.78
cell,2,satisficer_16,Satisficer,post,,,0,0,0,0.001,28.78
cell,2,satisficer_17,Satisficer,post,,,0,0,0,0.001,28.78
cell,2,satisficer_18,Satisficer,post,,,0,0,0,0.001,28.78
cell,2,satisficer_19,Satisficer,post,,,0,0,0,0.001,28.78
cell,2,satisficer_20,Satisficer,post,,,0,0,0,0.001,28.78
cell,2,satisficer_21,Satisficer,post,,,0,0,0,0.001,28.78
cell,2,satisficer_22,Satisficer,post,,,0,0,0,0.001,28.78
cell,2,satisficer_23,Satisficer,post,,,0,0,0,0.001,28.78
cell,2,satisficer_24,Satisficer,post,,,0,0,0,0.001,28.78
cell,2,satisficer_25,Satisficer,post,,,0,0,0,0.001,28.78
cell,2,satisficer_26,Satisficer,post,,,0,0,0,0.001,28.78
cell,2,satisficer_27,Satisficer,post,,,0,0,0,0.001,28.78
cell,2,satisficer_28,Satisficer,post,,,0,0,0,0.001,28.78
cell,2,satisficer_29,Satisficer,post,,,0,0,0,0.001,28.78
cell,2,satisficer_30,Satisficer,post,,,0,0,0,0.001,28.78
cell,2,satisficer_31,Satisficer,post,,,0,0,0,0.001,28.78
cell,2,satisficer_32,Satisficer,post,,,0,0,0,0.001,28.78
cell,2,satisficer_33,Satisficer,post,,,0,0,0,0.001,28.78
cell,2,satisficer_34,Satisficer,post,,,0,0,0,0.001,28.78
cell,2,satisficer_35,Satisficer,post,,,0,0,0,0.001,28.78
cell,2,satisficer_36,Satisficer,post,,,0,0,0,0.001,28.78
cell,2,satisficer_37,Satisficer,post,,,0,0,0,0.001,28.78
cell,2,satisficer_38,Satisficer,post,,,0,0,0,0.001,28.78
cell,2,satisficer_39,Satisficer,post,,,0,0,0,0.001,28.78
cell,2,satisficer_40,Satisficer,post,,,0,0,0,0.001,28.78
cell,2,satisficer_41,Satisficer,post,,,0,0,0,0.001,28.78
cell,2,satisficer_42,Satisficer,post,,,0,0,0,0.001,28.78
cell,2,satisficer_43,Satisficer,post,,,0,0,0,0.001,28.78
cell,2,satisficer_44,Satisficer,post,,,0,0,0,0.001,28.78
cell,2,satisficer_45,Satisficer,post,,,0,0,0,0.001,28.78
cell,2,satisficer_46,Satisficer,post,,,0,0,0,0.001,28.78
cell,2,satisficer_47,Satisficer,post,,,0,0,0,0.001,28.78
cell,2,satisficer_48,Satisficer,post,,,0,0,0,0.001,28.78
cell,2,satisficer_49,Satisficer,post,,,0,0,0,0.001,28.78
cell,3,satisficer_0,Satisficer,post,,,0,0,0,0.001,28.78
cell,3,satisficer_1,Satisficer,post,,,0,0,0,0.001,28.78
cell,3,satisficer_2,Satisficer,post,,,0,0,0,0.001,28.78
cell,3,satisficer_3,Satisficer,post,,,0,0,0,0.001,28.78
cell,3,satisficer_4,Satisficer,post,,,0,0,0,0.001,28.78
cell,3,satisficer_5,Satisficer,post,,,0,0,0,0.001,28.78
cell,3,satisficer_6,Satisficer,post,,,0,0,0,0.001,28.78
cell,3,satisficer_7,Satisficer,post,,,0,0,0,0.001,28.78
cell,3,satisficer_8,Satisficer,post,,,0,0,0,0.001,28.78
cell,3,satisficer_9,Satisficer,post,,,0,0,0,0.001,28.78
cell,3,satisficer_10,Satisficer,post,,,0,0,0,0.001,28.78
cell,3,satisficer_11,Satisficer,post,,,0,0,0,0.001,28.78
cell,3,satisficer_12,Satisficer,post,,,0,0,0,0.001,28.78
cell,3,satisficer_13,Satisficer,post,,,0,0,0,0.001,28.78
cell,3,satisficer_14,Satisficer,post,,,0,0,0,0.001,28.78
cell,3,satisficer_15,Satisficer,post,,,0,0,0,0.001,28.78
cell,3,satisficer_16,Satisficer,post,,,0,0,0,0.001,28.78
cell,3,satisficer_17,Satisficer,post,,,0,0,0,0.001,28.78
cell,3,satisficer_18,Satisficer,post,,,0,0,0,0.001,28.78
cell,3,satisficer_19,Satisficer,post,,,0,0,0,0.001,28.78
cell,3,satisficer_20,Satisficer,post,,,0,0,0,0.001,28.78
cell,3,satisficer_21,Satisficer,post,,,0,0,0,0.001,28.78
cell,3,satisficer_22,Satisficer,post,,,0,0,0,0.001,28.78
cell,3,satisficer_23,Satisficer,post,,,0,0,0,0.001,28.78
cell,3,satisficer_24,Satisficer,post,,,0,0,0,0.001,28.78
cell,3,satisficer_25,Satisficer,post,,,0,0,0,0.001,28.78
cell,3,satisficer_26,Satisficer,post,,,0,0,0,0.001,28.78
cell,3,satisficer_27,Satisficer,post,,,0,0,0,0.001,28.78
cell,3,satisficer_28,Satisficer,post,,,0,0,0,0.001,28.78
cell,3,satisficer_29,Satisficer,post,,,0,0,0,0.001,28.78
cell,3,satisficer_30,Satisficer,post,,,0,0,0,0.001,28.78
cell,3,satisficer_31,Satisficer,post,,,0,0,0,0.001,28.78
cell,3,satisficer_32,Satisficer,post,,,0,0,0,0.001,28.78
cell,3,satisficer_33,Satisficer,post,,,0,0,0,0.001,28.78
cell,3,satisficer_34,Satisficer,post,,,0,0,0,0.001,28.78
cell,3,satisficer_35,Satisficer,post,,,0,0,0,0.001,28.78
cell,3,satisficer_36,Satisficer,post,,,0,0,0,0.001,28.78
cell,3,satisficer_37,Satisficer,post,,,0,0,0,0.001,28.78
cell,3,satisficer_38,Satisficer,post,,,0,0,0,0.001,28.78
cell,3,satisficer_39,Satisficer,post,,,0,0,0,0.001,28.78
cell,3,satisficer_40,Satisficer,post,,,0,0,0,0.001,28.78
cell,3,satisficer_41,Satisficer,post,,,0,0,0,0.001,28.78
cell,3,satisficer_42,Satisficer,post,,,0,0,0,0.001,28.78
cell,3,satisficer_43,Satisficer,post,,,0,0,0,0.001,28.78
cell,3,satisficer_44,Satisficer,post,,,0,0,0,0.001,28.78
cell,3,satisficer_45,Satisficer,post,,,0,0,0,0.001,28.78
cell,3,satisficer_46,Satisficer,post,,,0,0,0,0.001,28.78
cell,3,satisficer_47,Satisficer,post,,,0,0,0,0.001,28.78
cell,3,satisficer_48,Satisficer,post,,,0,0,0,0.001,28.78
cell,3,satisficer_49,Satisficer,post,,,0,0,0,0.001,28.78
cell,4,satisficer_0,Satisficer,post,,,0,0,0,0.001,28.78
cell,4,satisficer_1,Satisficer,post,,,0,0,0,0.001,28.78
cell,4,satisficer_2,Satisficer,post,,,0,0,0,0.001,28.78
cell,4,satisficer_3,Satisficer,post,,,0,0,0,0.001,28.78
cell,4,satisficer_4,Satisficer,post,,,0,0,0,0.001,28.78
cell,4,satisficer_5,Satisficer,post,,,0,0,0,0.001,28.78
cell,4,satisficer_6,Satisficer,post,,,0,0,0,0.001,28.78
cell,4,satisficer_7,Satisficer,post,,,0,0,0,0.001,28.78
cell,4,satisficer_8,Satisficer,post,,,0,0,0,0.001,28.78
cell,4,satisficer_9,Satisficer,post,,,0,0,0,0.001,28.78
cell,4,satisficer_10,Satisficer,post,,,0,0,0,0.001,28.78
cell,4,satisficer_11,Satisficer,post,,,0,0,0,0.001,28.78
cell,4,satisficer_12,Satisficer,post,,,0,0,0,0.001,28.78
cell,4,satisficer_13,Satisficer,post,,,0,0,0,0.001,28.78
cell,4,satisficer_14,Satisficer,post,,,0,0,0,0.001,28.78
cell,4,satisficer_15,Satisficer,post,,,0,0,0,0.001,28.78
cell,4,satisficer_16,Satisficer,post,,,0,0,0,0.001,28.78
cell,4,satisficer_17,Satisficer,post,,,0,0,0,0.001,28.78
cell,4,satisficer_18,Satisficer,post,,,0,0,0,0.001,28.78
cell,4,satisficer_19,Satisficer,post,,,0,0,0,0.001,28.78
cell,4,satisficer_20,Satisficer,post,,,0,0,0,0.001,28.78
cell,4,satisficer_21,Satisficer,post,,,0,0,0,0.001,28.78
cell,4,satisficer_22,Satisficer,post,,,0,0,0,0.001,28.78
cell,4,satisficer_23,Satisficer,post,,,0,0,0,0.001,28.78
cell,4,satisficer_24,Satisficer,post,,,0,0,0,0.001,28.78
cell,4,satisficer_25,Satisficer,post,,,0,0,0,0.001,28.78
cell,4,satisficer_26,Satisficer,post,,,0,0,0,0.001,28.78
cell,4,satisficer_27,Satisficer,post,,,0,0,0,0.001,28.78
cell,4,satisficer_28,Satisficer,post,,,0,0,0,0.001,28.78
cell,4,satisficer_29,Satisficer,post,,,0,0,0,0.001,28.78
cell,4,satisficer_30,Satisficer,post,,,0,0,0,0.001,28.78
cell,4,satisficer_31,Satisficer,post,,,0,0,0,0.001,28.78
cell,4,satisficer_32,Satisficer,post,,,0,0,0,0.001,28.78
cell,4,satisficer_33,Satisficer,post,,,0,0,0,0.001,28.78
cell,4,satisficer_34,Satisficer,post,,,0,0,0,0.001,28.78
cell,4,satisficer_35,Satisficer,post,,,0,0,0,0.001,28.78
cell,4,satisficer_36,Satisficer,post,,,0,0,0,0.001,28.78
cell,4,satisficer_37,Satisficer,post,,,0,0,0,0.001,28.78
cell,4,satisficer_38,Satisficer,post,,,0,0,0,0.001,28.78
cell,4,satisficer_39,Satisficer,post,,,0,0,0,0.001,28.78
cell,4,satisficer_40,Satisficer,post,,,0,0,0,0.001,28.78
cell,4,satisficer_41,Satisficer,post,,,0,0,0,0.001,28.78
cell,4,satisficer_42,Satisficer,post,,,0,0,0,0.001,28.78
cell,4,satisficer_43,Satisficer,post,,,0,0,0,0.001,28.78
cell,4,satisficer_44,Satisficer,post,,,0,0,0,0.001,28.78
cell,4,satisficer_45,Satisficer,post,,,0,0,0,0.001,28.78
cell,4,satisficer_46,Satisficer,post,,,0,0,0,0.001,28.78
cell,4,satisficer_47,Satisficer,post,,,0,0,0,0.001,28.78
cell,4,satisficer_48,Satisficer,post,,,0,0,0,0.001,28.78
cell,4,satisficer_49,Satisficer,post,,,0,0,0,0.001,28.78
cell,5,satisficer_0,Satisficer,post,,,0,0,0,0.001,28.78
cell,5,satisficer_1,Satisficer,post,,,0,0,0,0.001,28.78
cell,5,satisficer_2,Satisficer,post,,,0,0,0,0.001,28.78
cell,5,satisficer_3,Satisficer,post,,,0,0,0,0.001,28.78
cell,5,satisficer_4,Satisficer,post,,,0,0,0,0.001,28.78
cell,5,satisficer_5,Satisficer,post,,,0,0,0,0.001,28.78
cell,5,satisficer_6,Satisficer,post,,,0,0,0,0.001,28.78
cell,5,satisficer_7,Satisficer,post,,,0,0,0,0.001,28.78
cell,5,satisficer_8,Satisficer,post,,,0,0,0,0.001,28.78
cell,5,satisficer_9,Satisficer,post,,,0,0,0,0.001,28.78
cell,5,satisficer_10,Satisficer,post,,,0,0,0,0.001,28.78
cell,5,satisficer_11,Satisficer,post,,,0,0,0,0.001,28.78
cell,5,satisficer_12,Satisficer,post,,,0,0,0,0.001,28.78
cell,5,satisficer_13,Satisficer,post,,,0,0,0,0.001,28.78
cell,5,satisficer_14,Satisficer,post,,,0,0,0,0.001,28.78
cell,5,satisficer_15,Satisficer,post,,,0,0,0,0.001,28.78
cell,5,satisficer_16,Satisficer,post,,,0,0,0,0.001,28.78
cell,5,satisficer_17,Satisficer,post,,,0,0,0,0.001,28.78
cell,5,satisficer_18,Satisficer,post,,,0,0,0,0.001,28.78
cell,5,satisficer_19,Satisficer,post,,,0,0,0,0.001,28.78
cell,5,satisficer_20,Satisficer,post,,,0,0,0,0.001,28.78
cell,5,satisficer_21,Satisficer,post,,,0,0,0,0.001,28.78
cell,5,satisficer_22,Satisficer,post,,,0,0,0,0.001,28.78
cell,5,satisficer_23,Satisficer,post,,,0,0,0,0.001,28.78
cell,5,satisficer_24,Satisficer,post,,,0,0,0,0.001,28.78
cell,5,satisficer_25,Satisficer,post,,,0,0,0,0.001,28.78
cell,5,satisficer_26,Satisficer,post,,,0,0,0,0.001,28.78
cell,5,satisficer_27,Satisficer,post,,,0,0,0,0.001,28.78
cell,5,satisficer_28,Satisficer,post,,,0,0,0,0.001,28.78
cell,5,satisficer_29,Satisficer,post,,,0,0,0,0.001,28.78
cell,5,satisficer_30,Satisficer,post,,,0,0,0,0.001,28.78
cell,5,satisficer_31,Satisficer,post,,,0,0,0,0.001,28.78
cell,5,satisficer_32,Satisficer,post,,,0,0,0,0.001,28.78
cell,5,satisficer_33,Satisficer,post,,,0,0,0,0.001,28.78
cell,5,satisficer_34,Satisficer,post,,,0,0,0,0.001,28.78
cell,5,satisficer_35,Satisficer,post,,,0,0,0,0.001,28.78
cell,5,satisficer_36,Satisficer,post,,,0,0,0,0.002,28.78
cell,5,satisficer_37,Satisficer,post,,,0,0,0,0.002,28.78
cell,5,satisficer_38,Satisficer,post,,,0,0,0,0.002,28.78
cell,5,satisficer_39,Satisficer,post,,,0,0,0,0.001,28.78
cell,5,satisficer_40,Satisficer,post,,,0,0,0,0.001,28.78
cell,5,satisficer_41,Satisficer,post,,,0,0,0,0.001,28.78
cell,5,satisficer_42,Satisficer,post,,,0,0,0,0.001,28.78
cell,5,satisficer_43,Satisficer,post,,,0,0,0,0.001,28.78
cell,5,satisficer_44,Satisficer,post,,,0,0,0,0.001,28.78
cell,5,satisficer_45,Satisficer,post,,,0,0,0,0.001,28.78
cell,5,satisficer_46,Satisficer,post,,,0,0,0,0.002,28.78
cell,5,satisficer_47,Satisficer,post,,,0,0,0,0.001,28.78
cell,5,satisficer_48,Satisficer,post,,,0,0,0,0.001,28.78
cell,5,satisficer_49,Satisficer,post,,,0,0,0,0.001,28.78
cell,6,satisficer_0,Satisficer,post,,,0,0,0,0.001,28.78
cell,6,satisficer_1,Satisficer,post,,,0,0,0,0.001,28.78
cell,6,satisficer_2,Satisficer,post,,,0,0,0,0.001,28.78
cell,6,satisficer_3,Satisficer,post,,,0,0,0,0.001,28.78
cell,6,satisficer_4,Satisficer,post,,,0,0,0,0.001,28.78
cell,6,satisficer_5,Satisficer,post,,,0,0,0,0.001,28.78
cell,6,satisficer_6,Satisficer,post,,,0,0,0,0.001,28.78
cell,6,satisficer_7,Satisficer,post,,,0,0,0,0.001,28.78
cell,6,satisficer_8,Satisficer,post,,,0,0,0,0.001,28.78
cell,6,satisficer_9,Satisficer,post,,,0,0,0,0.001,28.78
cell,6,satisficer_10,Satisficer,post,,,0,0,0,0.001,28.78
cell,6,satisficer_11,Satisficer,post,,,0,0,0,0.001,28.78
cell,6,satisficer_12,Satisficer,post,,,0,0,0,0.001,28.78
cell,6,satisficer_13,Satisficer,post,,,0,0,0,0.001,28.78
cell,6,satisficer_14,Satisficer,post,,,0,0,0,0.001,28.78
cell,6,satisficer_15,Satisficer,post,,,0,0,0,0.001,28.78
cell,6,satisficer_16,Satisficer,post,,,0,0,0,0.001,28.78
cell,6,satisficer_17,Satisficer,post,,,0,0,0,0.001,28.78
cell,6,satisficer_18,Satisficer,post,,,0,0,0,0.001,28.78
cell,6,satisficer_19,Satisficer,post,,,0,0,0,0.001,28.78
cell,6,satisficer_20,Satisficer,post,,,0,0,0,0.001,28.78
cell,6,satisficer_21,Satisficer,post,,,0,0,0,0.001,28.78
cell,6,satisficer_22,Satisficer,post,,,0,0,0,0.001,28.78
cell,6,satisficer_23,Satisficer,post,,,0,0,0,0.001,28.78
cell,6,satisficer_24,Satisficer,post,,,0,0,0,0.001,28.78
cell,6,satisficer_25,Satisficer,post,,,0,0,0,0.001,28.78
cell,6,satisficer_26,Satisficer,post,,,0,0,0,0.001,28.78
cell,6,satisficer_27,Satisficer,post,,,0,0,0,0.001,28.78
cell,6,satisficer_28,Satisficer,post,,,0,0,0,0.001,28.78
cell,6,satisficer_29,Satisficer,post,,,0,0,0,0.001,28.78
cell,6,satisficer_30,Satisficer,post,,,0,0,0,0.001,28.78
cell,6,satisficer_31,Satisficer,post,,,0,0,0,0.001,28.78
cell,6,satisficer_32,Satisficer,post,,,0,0,0,0.001,28.78
cell,6,satisficer_33,Satisficer,post,,,0,0,0,0.001,28.78
cell,6,satisficer_34,Satisficer,post,,,0,0,0,0.001,28.78
cell,6,satisficer_35,Satisficer,post,,,0,0,0,0.001,28.78
cell,6,satisficer_36,Satisficer,post,,,0,0,0,0.001,28.78
cell,6,satisficer_37,Satisficer,post,,,0,0,0,0.001,28.78
cell,6,satisficer_38,Satisficer,post,,,0,0,0,0.001,28.78
cell,6,satisficer_39,Satisficer,post,,,0,0,0,0.001,28.78
cell,6,satisficer_40,Satisficer,post,,,0,0,0,0.001,28.78
cell,6,satisficer_41,Satisficer,post,,,0,0,0,0.001,28.78
cell,6,satisficer_42,Satisficer,post,,,0,0,0,0.001,28.78
cell,6,satisficer_43,Satisficer,post,,,0,0,0,0.001,28.78
cell,6,satisficer_44,Satisficer,post,,,0,0,0,0.040,28.78
cell,6,satisficer_45,Satisficer,post,,,0,0,0,0.001,28.78
cell,6,satisficer_46,Satisficer,post,,,0,0,0,0.001,28.78
cell,6,satisficer_47,Satisficer,post,,,0,0,0,0.001,28.78
cell,6,satisficer_48,Satisficer,post,,,0,0,0,0.001,28.78
cell,6,satisficer_49,Satisficer,post,,,0,0,0,0.001,28.78
cell,7,satisficer_0,Satisficer,post,,,0,0,0,0.001,28.78
cell,7,satisficer_1,Satisficer,post,,,0,0,0,0.001,28.78
cell,7,satisficer_2,Satisficer,post,,,0,0,0,0.001,28.78
cell,7,satisficer_3,Satisficer,post,,,0,0,0,0.001,28.78
cell,7,satisficer_4,Satisficer,post,,,0,0,0,0.001,28.78
cell,7,satisficer_5,Satisficer,post,,,0,0,0,0.001,28.78
cell,7,satisficer_6,Satisficer,post,,,0,0,0,0.001,28.78
cell,7,satisficer_7,Satisficer,post,,,0,0,0,0.001,28.78
cell,7,satisficer_8,Satisficer,post,,,0,0,0,0.001,28.78
cell,7,satisficer_9,Satisficer,post,,,0,0,0,0.001,28.78
cell,7,satisficer_10,Satisficer,post,,,0,0,0,0.001,28.78
cell,7,satisficer_11,Satisficer,post,,,0,0,0,0.001,28.78
cell,7,satisficer_12,Satisficer,post,,,0,0,0,0.001,28.78
cell,7,satisficer_13,Satisficer,post,,,0,0,0,0.001,28.78
cell,7,satisficer_14,Satisficer,post,,,0,0,0,0.001,28.78
cell,7,satisficer_15,Satisficer,post,,,0,0,0,0.001,28.78
cell,7,satisficer_16,Satisficer,post,,,0,0,0,0.001,28.78
cell,7,satisficer_17,Satisficer,post,,,0,0,0,0.001,28.78
cell,7,satisficer_18,Satisficer,post,,,0,0,0,0.001,28.78
cell,7,satisficer_19,Satisficer,post,,,0,0,0,0.001,28.78
cell,7,satisficer_20,Satisficer,post,,,0,0,0,0.001,28.78
cell,7,satisficer_21,Satisficer,post,,,0,0,0,0.001,28.78
cell,7,satisficer_22,Satisficer,post,,,0,0,0,0.001,28.78
cell,7,satisficer_23,Satisficer,post,,,0,0,0,0.001,28.78
cell,7,satisficer_24,Satisficer,post,,,0,0,0,0.001,28.78
cell,7,satisficer_25,Satisficer,post,,,0,0,0,0.001,28.78
cell,7,satisficer_26,Satisficer,post,,,0,0,0,0.001,28.78
cell,7,satisficer_27,Satisficer,post,,,0,0,0,0.001,28.78
cell,7,satisficer_28,Satisficer,post,,,0,0,0,0.001,28.78
cell,7,satisficer_29,Satisficer,post,,,0,0,0,0.001,28.78
cell,7,satisficer_30,Satisficer,post,,,0,0,0,0.001,28.78
cell,7,satisficer_31,Satisficer,post,,,0,0,0,0.001,28.78
cell,7,satisficer_32,Satisficer,post,,,0,0,0,0.001,28.78
cell,7,satisficer_33,Satisficer,post,,,0,0,0,0.001,28.78
cell,7,satisficer_34,Satisficer,post,,,0,0,0,0.001,28.78
cell,7,satisficer_35,Satisficer,post,,,0,0,0,0.001,28.78
cell,7,satisficer_36,Satisficer,post,,,0,0,0,0.001,28.78
cell,7,satisficer_37,Satisficer,post,,,0,0,0,0.001,28.78
cell,7,satisficer_38,Satisficer,post,,,0,0,0,0.001,28.78
cell,7,satisficer_39,Satisficer,post,,,0,0,0,0.001,28.78
cell,7,satisficer_40,Satisficer,post,,,0,0,0,0.001,28.78
cell,7,satisficer_41,Satisficer,post,,,0,0,0,0.001,28.78
cell,7,satisficer_42,Satisficer,post,,,0,0,0,0.001,28.78
cell,7,satisficer_43,Satisficer,post,,,0,0,0,0.002,28.78
cell,7,satisficer_44,Satisficer,post,,,0,0,0,0.002,28.78
cell,7,satisficer_45,Satisficer,post,,,0,0,0,0.001,28.78
cell,7,satisficer_46,Satisficer,post,,,0,0,0,0.001,28.78
cell,7,satisficer_47,Satisficer,post,,,0,0,0,0.001,28.78
cell,7,satisficer_48,Satisficer,post,,,0,0,0,0.001,28.78
cell,7,satisficer_49,Satisficer,post,,,0,0,0,0.001,28.78
cell,8,satisficer_0,Satisficer,post,,,0,0,0,0.001,28.78
cell,8,satisficer_1,Satisficer,post,,,0,0,0,0.001,28.78
cell,8,satisficer_2,Satisficer,post,,,0,0,0,0.001,28.78
cell,8,satisficer_3,Satisficer,post,,,0,0,0,0.001,28.78
cell,8,satisficer_4,Satisficer,post,,,0,0,0,0.001,28.78
cell,8,satisficer_5,Satisficer,post,,,0,0,0,0.001,28.78
cell,8,satisficer_6,Satisficer,post,,,0,0,0,0.001,28.78
cell,8,satisficer_7,Satisficer,post,,,0,0,0,0.001,28.78
cell,8,satisficer_8,Satisficer,post,,,0,0,0,0.001,28.78
cell,8,satisficer_9,Satisficer,post,,,0,0,0,0.001,28.78
cell,8,satisficer_10,Satisficer,post,,,0,0,0,0.001,28.78
cell,8,satisficer_11,Satisficer,post,,,0,0,0,0.001,28.78
cell,8,satisficer_12,Satisficer,post,,,0,0,0,0.001,28.78
cell,8,satisficer_13,Satisficer,post,,,0,0,0,0.001,28.78
cell,8,satisficer_14,Satisficer,post,,,0,0,0,0.001,28.78
cell,8,satisficer_15,Satisficer,post,,,0,0,0,0.001,28.78
cell,8,satisficer_16,Satisficer,post,,,0,0,0,0.001,28.78
cell,8,satisficer_17,Satisficer,post,,,0,0,0,0.001,28.78
cell,8,satisficer_18,Satisficer,post,,,0,0,0,0.001,28.78
cell,8,satisficer_19,Satisficer,post,,,0,0,0,0.001,28.78
cell,8,satisficer_20,Satisficer,post,,,0,0,0,0.001,28.78
cell,8,satisficer_21,Satisficer,post,,,0,0,0,0.001,28.78
cell,8,satisficer_22,Satisficer,post,,,0,0,0,0.001,28.78
cell,8,satisficer_23,Satisficer,post,,,0,0,0,0.001,28.78
cell,8,satisficer_24,Satisficer,post,,,0,0,0,0.001,28.78
cell,8,satisficer_25,Satisficer,post,,,0,0,0,0.001,28.78
cell,8,satisficer_26,Satisficer,post,,,0,0,0,0.001,28.78
cell,8,satisficer_27,Satisficer,post,,,0,0,0,0.001,28.78
cell,8,satisficer_28,Satisficer,post,,,0,0,0,0.001,28.78
cell,8,satisficer_29,Satisficer,post,,,0,0,0,0.001,28.78
cell,8,satisficer_30,Satisficer,post,,,0,0,0,0.001,28.78
cell,8,satisficer_31,Satisficer,post,,,0,0,0,0.001,28.78
cell,8,satisficer_32,Satisficer,post,,,0,0,0,0.001,28.78
cell,8,satisficer_33,Satisficer,post,,,0,0,0,0.001,28.78
cell,8,satisficer_34,Satisficer,post,,,0,0,0,0.001,28.78
cell,8,satisficer_35,Satisficer,post,,,0,0,0,0.001,28.78
cell,8,satisficer_36,Satisficer,post,,,0,0,0,0.001,28.78
cell,8,satisficer_37,Satisficer,post,,,0,0,0,0.001,28.78
cell,8,satisficer_38,Satisficer,post,,,0,0,0,0.001,28.78
cell,8,satisficer_39,Satisficer,post,,,0,0,0,0.001,28.78
cell,8,satisficer_40,Satisficer,post,,,0,0,0,0.001,28.78
cell,8,satisficer_41,Satisficer,post,,,0,0,0,0.001,28.78
cell,8,satisficer_42,Satisficer,post,,,0,0,0,0.001,28.78
cell,8,satisficer_43,Satisficer,post,,,0,0,0,0.001,28.78
cell,8,satisficer_44,Satisficer,post,,,0,0,0,0.001,28.78
cell,8,satisficer_45,Satisficer,post,,,0,0,0,0.001,28.78
cell,8,satisficer_46,Satisficer,post,,,0,0,0,0.001,28.78
cell,8,satisficer_47,Satisficer,post,,,0,0,0,0.001,28.78
cell,8,satisficer_48,Satisficer,post,,,0,0,0,0.001,28.78
cell,8,satisficer_49,Satisficer,post,,,0,0,0,0.001,28.78
cell,9,satisficer_0,Satisficer,post,,,0,0,0,0.001,28.78
cell,9,satisficer_1,Satisficer,post,,,0,0,0,0.001,28.78
cell,9,satisficer_2,Satisficer,post,,,0,0,0,0.001,28.78
cell,9,satisficer_3,Satisficer,post,,,0,0,0,0.001,28.78
cell,9,satisficer_4,Satisficer,post,,,0,0,0,0.001,28.78
cell,9,satisficer_5,Satisficer,post,,,0,0,0,0.001,28.78
cell,9,satisficer_6,Satisficer,post,,,0,0,0,0.001,28.78
cell,9,satisficer_7,Satisficer,post,,,0,0,0,0.001,28.78
cell,9,satisficer_8,Satisficer,post,,,0,0,0,0.001,28.78
cell,9,satisficer_9,Satisficer,post,,,0,0,0,0.001,28.78
cell,9,satisficer_10,Satisficer,post,,,0,0,0,0.001,28.78
cell,9,satisficer_11,Satisficer,post,,,0,0,0,0.001,28.78
cell,9,satisficer_12,Satisficer,post,,,0,0,0,0.001,28.78
cell,9,satisficer_13,Satisficer,post,,,0,0,0,0.001,28.78
cell,9,satisficer_14,Satisficer,post,,,0,0,0,0.001,28.78
cell,9,satisficer_15,Satisficer,post,,,0,0,0,0.001,28.78
cell,9,satisficer_16,Satisficer,post,,,0,0,0,0.001,28.78
cell,9,satisficer_17,Satisficer,post,,,0,0,0,0.001,28.78
cell,9,satisficer_18,Satisficer,post,,,0,0,0,0.001,28.78
cell,9,satisficer_19,Satisficer,post,,,0,0,0,0.052,28.78
cell,9,satisficer_20,Satisficer,post,,,0,0,0,0.001,28.78
cell,9,satisficer_21,Satisficer,post,,,0,0,0,0.001,28.78
cell,9,satisficer_22,Satisficer,post,,,0,0,0,0.001,28.78
cell,9,satisficer_23,Satisficer,post,,,0,0,0,0.001,28.78
cell,9,satisficer_24,Satisficer,post,,,0,0,0,0.001,28.78
cell,9,satisficer_25,Satisficer,post,,,0,0,0,0.001,28.78
cell,9,satisficer_26,Satisficer,post,,,0,0,0,0.001,28.78
cell,9,satisficer_27,Satisficer,post,,,0,0,0,0.001,28.78
cell,9,satisficer_28,Satisficer,post,,,0,0,0,0.001,28.78
cell,9,satisficer_29,Satisficer,post,,,0,0,0,0.001,28.78
cell,9,satisficer_30,Satisficer,post,,,0,0,0,0.001,28.78
cell,9,satisficer_31,Satisficer,post,,,0,0,0,0.001,28.78
cell,9,satisficer_32,Satisficer,post,,,0,0,0,0.001,28.78
cell,9,satisficer_33,Satisficer,post,,,0,0,0,0.001,28.78
cell,9,satisficer_34,Satisficer,post,,,0,0,0,0.001,28.78
cell,9,satisficer_35,Satisficer,post,,,0,0,0,0.001,28.78
cell,9,satisficer_36,Satisficer,post,,,0,0,0,0.001,28.78
cell,9,satisficer_37,Satisficer,post,,,0,0,0,0.001,28.78
cell,9,satisficer_38,Satisficer,post,,,0,0,0,0.001,28.78
cell,9,satisficer_39,Satisficer,post,,,0,0,0,0.001,28.78
cell,9,satisficer_40,Satisficer,post,,,0,0,0,0.001,28.78
cell,9,satisficer_41,Satisficer,post,,,0,0,0,0.001,28.78
cell,9,satisficer_42,Satisficer,post,,,0,0,0,0.001,28.78
cell,9,satisficer_43,Satisficer,post,,,0,0,0,0.001,28.78
cell,9,satisficer_44,Satisficer,post,,,0,0,0,0.001,28.78
cell,9,satisficer_45,Satisficer,post,,,0,0,0,0.001,28.78
cell,9,satisficer_46,Satisficer,post,,,0,0,0,0.001,28.78
cell,9,satisficer_47,Satisficer,post,,,0,0,0,0.001,28.78
cell,9,satisficer_48,Satisficer,post,,,0,0,0,0.001,28.78
cell,9,satisficer_49,Satisficer,post,,,0,0,0,0.001,28.78
cell,10,satisficer_0,Satisficer,post,,,0,0,0,0.002,28.78
cell,10,satisficer_1,Satisficer,post,,,0,0,0,0.002,28.78
cell,10,satisficer_2,Satisficer,post,,,0,0,0,0.002,28.78
cell,10,satisficer_3,Satisficer,post,,,0,0,0,0.002,28.78
cell,10,satisficer_4,Satisficer,post,,,0,0,0,0.002,28.78
cell,10,satisficer_5,Satisficer,post,,,0,0,0,0.002,28.78
cell,10,satisficer_6,Satisficer,post,,,0,0,0,0.002,28.78
cell,10,satisficer_7,Satisficer,post,,,0,0,0,0.002,28.78
cell,10,satisficer_8,Satisficer,post,,,0,0,0,0.002,28.78
cell,10,satisficer_9,Satisficer,post,,,0,0,0,0.002,28.78
cell,10,satisficer_10,Satisficer,post,,,0,0,0,0.002,28.78
cell,10,satisficer_11,Satisficer,post,,,0,0,0,0.002,28.78
cell,10,satisficer_12,Satisficer,post,,,0,0,0,0.002,28.78
cell,10,satisficer_13,Satisficer,post,,,0,0,0,0.002,28.78
cell,10,satisficer_14,Satisficer,post,,,0,0,0,0.002,28.78
cell,10,satisficer_15,Satisficer,post,,,0,0,0,0.002,28.78
cell,10,satisficer_16,Satisficer,post,,,0,0,0,0.002,28.78
cell,10,satisficer_17,Satisficer,post,,,0,0,0,0.002,28.78
cell,10,satisficer_18,Satisficer,post,,,0,0,0,0.002,28.78
cell,10,satisficer_19,Satisficer,post,,,0,0,0,0.002,28.78
cell,10,satisficer_20,Satisficer,post,,,0,0,0,0.002,28.78
cell,10,satisficer_21,Satisficer,post,,,0,0,0,0.002,28.78
cell,10,satisficer_22,Satisficer,post,,,0,0,0,0.002,28.78
cell,10,satisficer_23,Satisficer,post,,,0,0,0,0.002,28.78
cell,10,satisficer_24,Satisficer,post,,,0,0,0,0.002,28.78
cell,10,satisficer_25,Satisficer,post,,,0,0,0,0.002,28.78
cell,10,satisficer_26,Satisficer,post,,,0,0,0,0.002,28.78
cell,10,satisficer_27,Satisficer,post,,,0,0,0,0.002,28.78
cell,10,satisficer_28,Satisficer,post,,,0,0,0,0.002,28.78
cell,10,satisficer_29,Satisficer,post,,,0,0,0,0.002,28.78
cell,10,satisficer_30,Satisficer,post,,,0,0,0,0.002,28.78
cell,10,satisficer_31,Satisficer,post,,,0,0,0,0.002,28.78
cell,10,satisficer_32,Satisficer,post,,,0,0,0,0.002,28.78
cell,10,satisficer_33,Satisficer,post,,,0,0,0,0.002,28.78
cell,10,satisficer_34,Satisficer,post,,,0,0,0,0.002,28.78
cell,10,satisficer_35,Satisficer,post,,,0,0,0,0.002,28.78
cell,10,satisficer_36,Satisficer,post,,,0,0,0,0.002,28.78
cell,10,satisficer_37,Satisficer,post,,,0,0,0,0.002,28.78
cell,10,satisficer_38,Satisficer,post,,,0,0,0,0.002,28.78
cell,10,satisficer_39,Satisficer,post,,,0,0,0,0.002,28.78
cell,10,satisficer_40,Satisficer,post,,,0,0,0,0.002,28.78
cell,10,satisficer_41,Satisficer,post,,,0,0,0,0.002,28.78
cell,10,satisficer_42,Satisficer,post,,,0,0,0,0.002,28.78
cell,10,satisficer_43,Satisficer,post,,,0,0,0,0.002,28.78
cell,10,satisficer_44,Satisficer,post,,,0,0,0,0.002,28.78
cell,10,satisficer_45,Satisficer,post,,,0,0,0,0.002,28.78
cell,10,satisficer_46,Satisficer,post,,,0,0,0,0.002,28.78
cell,10,satisficer_47,Satisficer,post,,,0,0,0,0.002,28.78
cell,10,satisficer_48,Satisficer,post,,,0,0,0,0.002,28.78
cell,10,satisficer_49,Satisficer,post,,,0,0,0,0.002,28.78
cell,11,satisficer_0,Satisficer,post,,,0,0,0,0.001,28.78
cell,11,satisficer_1,Satisficer,post,,,0,0,0,0.001,28.78
cell,11,satisficer_2,Satisficer,post,,,0,0,0,0.001,28.78
cell,11,satisficer_3,Satisficer,post,,,0,0,0,0.001,28.78
cell,11,satisficer_4,Satisficer,post,,,0,0,0,0.001,28.78
cell,11,satisficer_5,Satisficer,post,,,0,0,0,0.001,28.78
cell,11,satisficer_6,Satisficer,post,,,0,0,0,0.001,28.78
cell,11,satisficer_7,Satisficer,post,,,0,0,0,0.001,28.78
cell,11,satisficer_8,Satisficer,post,,,0,0,0,0.001,28.78
cell,11,satisficer_9,Satisficer,post,,,0,0,0,0.001,28.78
cell,11,satisficer_10,Satisficer,post,,,0,0,0,0.001,28.78
cell,11,satisficer_11,Satisficer,post,,,0,0,0,0.001,28.78
cell,11,satisficer_12,Satisficer,post,,,0,0,0,0.001,28.78
cell,11,satisficer_13,Satisficer,post,,,0,0,0,0.001,28.78
cell,11,satisficer_14,Satisficer,post,,,0,0,0,0.001,28.78
cell,11,satisficer_15,Satisficer,post,,,0,0,0,0.001,28.78
cell,11,satisficer_16,Satisficer,post,,,0,0,0,0.001,28.78
cell,11,satisficer_17,Satisficer,post,,,0,0,0,0.001,28.78
cell,11,satisficer_18,Satisficer,post,,,0,0,0,0.001,28.78
cell,11,satisficer_19,Satisficer,post,,,0,0,0,0.062,28.78
cell,11,satisficer_20,Satisficer,post,,,0,0,0,0.001,28.78
cell,11,satisficer_21,Satisficer,post,,,0,0,0,0.001,28.78
cell,11,satisficer_22,Satisficer,post,,,0,0,0,0.001,28.78
cell,11,satisficer_23,Satisficer,post,,,0,0,0,0.001,28.78
cell,11,satisficer_24,Satisficer,post,,,0,0,0,0.001,28.78
cell,11,satisficer_25,Satisficer,post,,,0,0,0,0.001,28.78
cell,11,satisficer_26,Satisficer,post,,,0,0,0,0.001,28.78
cell,11,satisficer_27,Satisficer,post,,,0,0,0,0.001,28.78
cell,11,satisficer_28,Satisficer,post,,,0,0,0,0.001,28.78
cell,11,satisficer_29,Satisficer,post,,,0,0,0,0.001,28.78
cell,11,satisficer_30,Satisficer,post,,,0,0,0,0.001,28.78
cell,11,satisficer_31,Satisficer,post,,,0,0,0,0.001,28.78
cell,11,satisficer_32,Satisficer,post,,,0,0,0,0.001,28.78
cell,11,satisficer_33,Satisficer,post,,,0,0,0,0.001,28.78
cell,11,satisficer_34,Satisficer,post,,,0,0,0,0.001,28.78
cell,11,satisficer_35,Satisficer,post,,,0,0,0,0.001,28.78
cell,11,satisficer_36,Satisficer,post,,,0,0,0,0.001,28.78
cell,11,satisficer_37,Satisficer,post,,,0,0,0,0.001,28.78
cell,11,satisficer_38,Satisficer,post,,,0,0,0,0.001,28.78
cell,11,satisficer_39,Satisficer,post,,,0,0,0,0.001,28.78
cell,11,satisficer_40,Satisficer,post,,,0,0,0,0.001,28.78
cell,11,satisficer_41,Satisficer,post,,,0,0,0,0.001,28.78
cell,11,satisficer_42,Satisficer,post,,,0,0,0,0.001,28.78
cell,11,satisficer_43,Satisficer,post,,,0,0,0,0.001,28.78
cell,11,satisficer_44,Satisficer,post,,,0,0,0,0.001,28.78
cell,11,satisficer_45,Satisficer,post,,,0,0,0,0.001,28.78
cell,11,satisficer_46,Satisficer,post,,,0,0,0,0.001,28.78
cell,11,satisficer_47,Satisficer,post,,,0,0,0,0.001,28.78
cell,11,satisficer_48,Satisficer,post,,,0,0,0,0.001,28.78
cell,11,satisficer_49,Satisficer,post,,,0,0,0,0.001,28.78
cell,12,satisficer_0,Satisficer,post,,,0,0,0,0.001,28.80
cell,12,satisficer_1,Satisficer,post,,,0,0,0,0.001,28.80
cell,12,satisficer_2,Satisficer,post,,,0,0,0,0.001,28.80
cell,12,satisficer_3,Satisficer,post,,,0,0,0,0.001,28.80
cell,12,satisficer_4,Satisficer,post,,,0,0,0,0.001,28.80
cell,12,satisficer_5,Satisficer,post,,,0,0,0,0.001,28.80
cell,12,satisficer_6,Satisficer,post,,,0,0,0,0.001,28.80
cell,12,satisficer_7,Satisficer,post,,,0,0,0,0.001,28.80
cell,12,satisficer_8,Satisficer,post,,,0,0,0,0.001,28.80
cell,12,satisficer_9,Satisficer,post,,,0,0,0,0.001,28.80
cell,12,satisficer_10,Satisficer,post,,,0,0,0,0.001,28.80
cell,12,satisficer_11,Satisficer,post,,,0,0,0,0.001,28.80
cell,12,satisficer_12,Satisficer,post,,,0,0,0,0.001,28.80
cell,12,satisficer_13,Satisficer,post,,,0,0,0,0.001,28.80
cell,12,satisficer_14,Satisficer,post,,,0,0,0,0.001,28.80
cell,12,satisficer_15,Satisficer,post,,,0,0,0,0.001,28.80
cell,12,satisficer_16,Satisficer,post,,,0,0,0,0.001,28.80
cell,12,satisficer_17,Satisficer,post,,,0,0,0,0.001,28.80
cell,12,satisficer_18,Satisficer,post,,,0,0,0,0.001,28.80
cell,12,satisficer_19,Satisficer,post,,,0,0,0,0.001,28.80
cell,12,satisficer_20,Satisficer,post,,,0,0,0,0.001,28.80
cell,12,satisficer_21,Satisficer,post,,,0,0,0,0.001,28.80
cell,12,satisficer_22,Satisficer,post,,,0,0,0,0.001,28.80
cell,12,satisficer_23,Satisficer,post,,,0,0,0,0.001,28.80
cell,12,satisficer_24,Satisficer,post,,,0,0,0,0.001,28.80
cell,12,satisficer_25,Satisficer,post,,,0,0,0,0.001,28.80
cell,12,satisficer_26,Satisficer,post,,,0,0,0,0.001,28.80
cell,12,satisficer_27,Satisficer,post,,,0,0,0,0.001,28.80
cell,12,satisficer_28,Satisficer,post,,,0,0,0,0.001,28.80
cell,12,satisficer_29,Satisficer,post,,,0,0,0,0.001,28.80
cell,12,satisficer_30,Satisficer,post,,,0,0,0,0.001,28.80
cell,12,satisficer_31,Satisficer,post,,,0,0,0,0.001,28.80
cell,12,satisficer_32,Satisficer,post,,,0,0,0,0.001,28.80
cell,12,satisficer_33,Satisficer,post,,,0,0,0,0.001,28.80
cell,12,satisficer_34,Satisficer,post,,,0,0,0,0.001,28.80
cell,12,satisficer_35,Satisficer,post,,,0,0,0,0.001,28.80
cell,12,satisficer_36,Satisficer,post,,,0,0,0,0.001,28.80
cell,12,satisficer_37,Satisficer,post,,,0,0,0,0.001,28.80
cell,12,satisficer_38,Satisficer,post,,,0,0,0,0.001,28.80
cell,12,satisficer_39,Satisficer,post,,,0,0,0,0.001,28.80
cell,12,satisficer_40,Satisficer,post,,,0,0,0,0.001,28.80
cell,12,satisficer_41,Satisficer,post,,,0,0,0,0.001,28.80
cell,12,satisficer_42,Satisficer,post,,,0,0,0,0.001,28.80
cell,12,satisficer_43,Satisficer,post,,,0,0,0,0.001,28.80
cell,12,satisficer_44,Satisficer,post,,,0,0,0,0.201,28.80
cell,12,satisficer_45,Satisficer,post,,,0,0,0,0.001,28.80
cell,12,satisficer_46,Satisficer,post,,,0,0,0,0.001,28.80
cell,12,satisficer_47,Satisficer,post,,,0,0,0,0.001,28.80
cell,12,satisficer_48,Satisficer,post,,,0,0,0,0.001,28.80
cell,12,satisficer_49,Satisficer,post,,,0,0,0,0.001,28.80
cell,13,satisficer_0,Satisficer,post,,,0,0,0,0.001,28.80
cell,13,satisficer_1,Satisficer,post,,,0,0,0,0.001,28.80
cell,13,satisficer_2,Satisficer,post,,,0,0,0,0.001,28.80
cell,13,satisficer_3,Satisficer,post,,,0,0,0,0.001,28.80
cell,13,satisficer_4,Satisficer,post,,,0,0,0,0.001,28.80
cell,13,satisficer_5,Satisficer,post,,,0,0,0,0.001,28.80
cell,13,satisficer_6,Satisficer,post,,,0,0,0,0.001,28.80
cell,13,satisficer_7,Satisficer,post,,,0,0,0,0.001,28.80
cell,13,satisficer_8,Satisficer,post,,,0,0,0,0.001,28.80
cell,13,satisficer_9,Satisficer,post,,,0,0,0,0.001,28.80
cell,13,satisficer_10,Satisficer,post,,,0,0,0,0.001,28.80
cell,13,satisficer_11,Satisficer,post,,,0,0,0,0.001,28.80
cell,13,satisficer_12,Satisficer,post,,,0,0,0,0.001,28.80
cell,13,satisficer_13,Satisficer,post,,,0,0,0,0.001,28.80
cell,13,satisficer_14,Satisficer,post,,,0,0,0,0.001,28.80
cell,13,satisficer_15,Satisficer,post,,,0,0,0,0.001,28.80
cell,13,satisficer_16,Satisficer,post,,,0,0,0,0.001,28.80
cell,13,satisficer_17,Satisficer,post,,,0,0,0,0.001,28.80
cell,13,satisficer_18,Satisficer,post,,,0,0,0,0.001,28.80
cell,13,satisficer_19,Satisficer,post,,,0,0,0,0.037,28.80
cell,13,satisficer_20,Satisficer,post,,,0,0,0,0.001,28.80
cell,13,satisficer_21,Satisficer,post,,,0,0,0,0.001,28.80
cell,13,satisficer_22,Satisficer,post,,,0,0,0,0.001,28.80
cell,13,satisficer_23,Satisficer,post,,,0,0,0,0.001,28.80
cell,13,satisficer_24,Satisficer,post,,,0,0,0,0.001,28.80
cell,13,satisficer_25,Satisficer,post,,,0,0,0,0.001,28.80
cell,13,satisficer_26,Satisficer,post,,,0,0,0,0.001,28.80
cell,13,satisficer_27,Satisficer,post,,,0,0,0,0.001,28.80
cell,13,satisficer_28,Satisficer,post,,,0,0,0,0.001,28.80
cell,13,satisficer_29,Satisficer,post,,,0,0,0,0.001,28.80
cell,13,satisficer_30,Satisficer,post,,,0,0,0,0.001,28.80
cell,13,satisficer_31,Satisficer,post,,,0,0,0,0.001,28.80
cell,13,satisficer_32,Satisficer,post,,,0,0,0,0.001,28.80
cell,13,satisficer_33,Satisficer,post,,,0,0,0,0.001,28.80
cell,13,satisficer_34,Satisficer,post,,,0,0,0,0.001,28.80
cell,13,satisficer_35,Satisficer,post,,,0,0,0,0.001,28.80
cell,13,satisficer_36,Satisficer,post,,,0,0,0,0.001,28.80
cell,13,satisficer_37,Satisficer,post,,,0,0,0,0.001,28.80
cell,13,satisficer_38,Satisficer,post,,,0,0,0,0.001,28.80
cell,13,satisficer_39,Satisficer,post,,,0,0,0,0.001,28.80
cell,13,satisficer_40,Satisficer,post,,,0,0,0,0.001,28.80
cell,13,satisficer_41,Satisficer,post,,,0,0,0,0.001,28.80
cell,13,satisficer_42,Satisficer,post,,,0,0,0,0.001,28.80
cell,13,satisficer_43,Satisficer,post,,,0,0,0,0.001,28.80
cell,13,satisficer_44,Satisficer,post,,,0,0,0,0.001,28.80
cell,13,satisficer_45,Satisficer,post,,,0,0,0,0.001,28.80
cell,13,satisficer_46,Satisficer,post,,,0,0,0,0.001,28.80
cell,13,satisficer_47,Satisficer,post,,,0,0,0,0.001,28.80
cell,13,satisficer_48,Satisficer,post,,,0,0,0,0.001,28.80
cell,13,satisficer_49,Satisficer,post,,,0,0,0,0.001,28.80
cell,14,satisficer_0,Satisficer,post,,,0,0,0,0.001,28.80
cell,14,satisficer_1,Satisficer,post,,,0,0,0,0.001,28.80
cell,14,satisficer_2,Satisficer,post,,,0,0,0,0.001,28.80
cell,14,satisficer_3,Satisficer,post,,,0,0,0,0.001,28.80
cell,14,satisficer_4,Satisficer,post,,,0,0,0,0.001,28.80
cell,14,satisficer_5,Satisficer,post,,,0,0,0,0.001,28.80
cell,14,satisficer_6,Satisficer,post,,,0,0,0,0.001,28.80
cell,14,satisficer_7,Satisficer,post,,,0,0,0,0.001,28.80
cell,14,satisficer_8,Satisficer,post,,,0,0,0,0.001,28.80
cell,14,satisficer_9,Satisficer,post,,,0,0,0,0.001,28.80
cell,14,satisficer_10,Satisficer,post,,,0,0,0,0.001,28.80
cell,14,satisficer_11,Satisficer,post,,,0,0,0,0.001,28.80
cell,14,satisficer_12,Satisficer,post,,,0,0,0,0.001,28.80
cell,14,satisficer_13,Satisficer,post,,,0,0,0,0.001,28.80
cell,14,satisficer_14,Satisficer,post,,,0,0,0,0.001,28.80
cell,14,satisficer_15,Satisficer,post,,,0,0,0,0.001,28.80
cell,14,satisficer_16,Satisficer,post,,,0,0,0,0.001,28.80
cell,14,satisficer_17,Satisficer,post,,,0,0,0,0.001,28.80
cell,14,satisficer_18,Satisficer,post,,,0,0,0,0.001,28.80
cell,14,satisficer_19,Satisficer,post,,,0,0,0,0.001,28.80
cell,14,satisficer_20,Satisficer,post,,,0,0,0,0.001,28.80
cell,14,satisficer_21,Satisficer,post,,,0,0,0,0.001,28.80
cell,14,satisficer_22,Satisficer,post,,,0,0,0,0.001,28.80
cell,14,satisficer_23,Satisficer,post,,,0,0,0,0.001,28.80
cell,14,satisficer_24,Satisficer,post,,,0,0,0,0.001,28.80
cell,14,satisficer_25,Satisficer,post,,,0,0,0,0.001,28.80
cell,14,satisficer_26,Satisficer,post,,,0,0,0,0.001,28.80
cell,14,satisficer_27,Satisficer,post,,,0,0,0,0.001,28.80
cell,14,satisficer_28,Satisficer,post,,,0,0,0,0.001,28.80
cell,14,satisficer_29,Satisficer,post,,,0,0,0,0.001,28.80
cell,14,satisficer_30,Satisficer,post,,,0,0,0,0.001,28.80
cell,14,satisficer_31,Satisficer,post,,,0,0,0,0.001,28.80
cell,14,satisficer_32,Satisficer,post,,,0,0,0,0.001,28.80
cell,14,satisficer_33,Satisficer,post,,,0,0,0,0.001,28.80
cell,14,satisficer_34,Satisficer,post,,,0,0,0,0.001,28.80
cell,14,satisficer_35,Satisficer,post,,,0,0,0,0.001,28.80
cell,14,satisficer_36,Satisficer,post,,,0,0,0,0.001,28.80
cell,14,satisficer_37,Satisficer,post,,,0,0,0,0.001,28.80
cell,14,satisficer_38,Satisficer,post,,,0,0,0,0.001,28.80
cell,14,satisficer_39,Satisficer,post,,,0,0,0,0.001,28.80
cell,14,satisficer_40,Satisficer,post,,,0,0,0,0.001,28.80
cell,14,satisficer_41,Satisficer,post,,,0,0,0,0.001,28.80
cell,14,satisficer_42,Satisficer,post,,,0,0,0,0.001,28.80
cell,14,satisficer_43,Satisficer,post,,,0,0,0,0.001,28.80
cell,14,satisficer_44,Satisficer,post,,,0,0,0,0.001,28.80
cell,14,satisficer_45,Satisficer,post,,,0,0,0,0.001,28.80
cell,14,satisficer_46,Satisficer,post,,,0,0,0,0.001,28.80
cell,14,satisficer_47,Satisficer,post,,,0,0,0,0.001,28.80
cell,14,satisficer_48,Satisficer,post,,,0,0,0,0.001,28.80
cell,14,satisficer_49,Satisficer,post,,,0,0,0,0.001,28.80
cell,15,satisficer_0,Satisficer,post,,,0,0,0,0.001,28.80
cell,15,satisficer_1,Satisficer,post,,,0,0,0,0.001,28.80
cell,15,satisficer_2,Satisficer,post,,,0,0,0,0.001,28.80
cell,15,satisficer_3,Satisficer,post,,,0,0,0,0.001,28.80
cell,15,satisficer_4,Satisficer,post,,,0,0,0,0.001,28.80
cell,15,satisficer_5,Satisficer,post,,,0,0,0,0.001,28.80
cell,15,satisficer_6,Satisficer,post,,,0,0,0,0.001,28.80
cell,15,satisficer_7,Satisficer,post,,,0,0,0,0.001,28.80
cell,15,satisficer_8,Satisficer,post,,,0,0,0,0.001,28.80
cell,15,satisficer_9,Satisficer,post,,,0,0,0,0.001,28.80
cell,15,satisficer_10,Satisficer,post,,,0,0,0,0.001,28.80
cell,15,satisficer_11,Satisficer,post,,,0,0,0,0.001,28.80
cell,15,satisficer_12,Satisficer,post,,,0,0,0,0.001,28.80
cell,15,satisficer_13,Satisficer,post,,,0,0,0,0.001,28.80
cell,15,satisficer_14,Satisficer,post,,,0,0,0,0.001,28.80
cell,15,satisficer_15,Satisficer,post,,,0,0,0,0.001,28.80
cell,15,satisficer_16,Satisficer,post,,,0,0,0,0.001,28.80
cell,15,satisficer_17,Satisficer,post,,,0,0,0,0.001,28.80
cell,15,satisficer_18,Satisficer,post,,,0,0,0,0.001,28.80
cell,15,satisficer_19,Satisficer,post,,,0,0,0,0.001,28.80
cell,15,satisficer_20,Satisficer,post,,,0,0,0,0.001,28.80
cell,15,satisficer_21,Satisficer,post,,,0,0,0,0.001,28.80
cell,15,satisficer_22,Satisficer,post,,,0,0,0,0.001,28.80
cell,15,satisficer_23,Satisficer,post,,,0,0,0,0.001,28.80
cell,15,satisficer_24,Satisficer,post,,,0,0,0,0.001,28.80
cell,15,satisficer_25,Satisficer,post,,,0,0,0,0.001,28.80
cell,15,satisficer_26,Satisficer,post,,,0,0,0,0.001,28.80
cell,15,satisficer_27,Satisficer,post,,,0,0,0,0.001,28.80
cell,15,satisficer_28,Satisficer,post,,,0,0,0,0.001,28.80
cell,15,satisficer_29,Satisficer,post,,,0,0,0,0.001,28.80
cell,15,satisficer_30,Satisficer,post,,,0,0,0,0.001,28.80
cell,15,satisficer_31,Satisficer,post,,,0,0,0,0.001,28.80
cell,15,satisficer_32,Satisficer,post,,,0,0,0,0.001,28.80
cell,15,satisficer_33,Satisficer,post,,,0,0,0,0.001,28.80
cell,15,satisficer_34,Satisficer,post,,,0,0,0,0.001,28.80
cell,15,satisficer_35,Satisficer,post,,,0,0,0,0.001,28.80
cell,15,satisficer_36,Satisficer,post,,,0,0,0,0.001,28.80
cell,15,satisficer_37,Satisficer,post,,,0,0,0,0.001,28.80
cell,15,satisficer_38,Satisficer,post,,,0,0,0,0.001,28.80
cell,15,satisficer_39,Satisficer,post,,,0,0,0,0.001,28.80
cell,15,satisficer_40,Satisficer,post,,,0,0,0,0.001,28.80
cell,15,satisficer_41,Satisficer,post,,,0,0,0,0.001,28.80
cell,15,satisficer_42,Satisficer,post,,,0,0,0,0.001,28.80
cell,15,satisficer_43,Satisficer,post,,,0,0,0,0.001,28.80
cell,15,satisficer_44,Satisficer,post,,,0,0,0,0.001,28.80
cell,15,satisficer_45,Satisficer,post,,,0,0,0,0.001,28.80
cell,15,satisficer_46,Satisficer,post,,,0,0,0,0.001,28.80
cell,15,satisficer_47,Satisficer,post,,,0,0,0,0.001,28.80
cell,15,satisficer_48,Satisficer,post,,,0,0,0,0.001,28.80
cell,15,satisficer_49,Satisficer,post,,,0,0,0,0.001,28.80
cell,16,satisficer_0,Satisficer,post,,,0,0,0,0.001,28.80
cell,16,satisficer_1,Satisficer,post,,,0,0,0,0.001,28.80
cell,16,satisficer_2,Satisficer,post,,,0,0,0,0.001,28.80
cell,16,satisficer_3,Satisficer,post,,,0,0,0,0.001,28.80
cell,16,satisficer_4,Satisficer,post,,,0,0,0,0.001,28.80
cell,16,satisficer_5,Satisficer,post,,,0,0,0,0.001,28.80
cell,16,satisficer_6,Satisficer,post,,,0,0,0,0.001,28.80
cell,16,satisficer_7,Satisficer,post,,,0,0,0,0.001,28.80
cell,16,satisficer_8,Satisficer,post,,,0,0,0,0.001,28.80
cell,16,satisficer_9,Satisficer,post,,,0,0,0,0.001,28.80
cell,16,satisficer_10,Satisficer,post,,,0,0,0,0.001,28.80
cell,16,satisficer_11,Satisficer,post,,,0,0,0,0.001,28.80
cell,16,satisficer_12,Satisficer,post,,,0,0,0,0.001,28.80
cell,16,satisficer_13,Satisficer,post,,,0,0,0,0.001,28.80
cell,16,satisficer_14,Satisficer,post,,,0,0,0,0.001,28.80
cell,16,satisficer_15,Satisficer,post,,,0,0,0,0.001,28.80
cell,16,satisficer_16,Satisficer,post,,,0,0,0,0.001,28.80
cell,16,satisficer_17,Satisficer,post,,,0,0,0,0.001,28.80
cell,16,satisficer_18,Satisficer,post,,,0,0,0,0.001,28.80
cell,16,satisficer_19,Satisficer,post,,,0,0,0,0.001,28.80
cell,16,satisficer_20,Satisficer,post,,,0,0,0,0.001,28.80
cell,16,satisficer_21,Satisficer,post,,,0,0,0,0.001,28.80
cell,16,satisficer_22,Satisficer,post,,,0,0,0,0.001,28.80
cell,16,satisficer_23,Satisficer,post,,,0,0,0,0.001,28.80
cell,16,satisficer_24,Satisficer,post,,,0,0,0,0.001,28.80
cell,16,satisficer_25,Satisficer,post,,,0,0,0,0.001,28.80
cell,16,satisficer_26,Satisficer,post,,,0,0,0,0.001,28.80
cell,16,satisficer_27,Satisficer,post,,,0,0,0,0.001,28.80
cell,16,satisficer_28,Satisficer,post,,,0,0,0,0.001,28.80
cell,16,satisficer_29,Satisficer,post,,,0,0,0,0.001,28.80
cell,16,satisficer_30,Satisficer,post,,,0,0,0,0.001,28.80
cell,16,satisficer_31,Satisficer,post,,,0,0,0,0.002,28.80
cell,16,satisficer_32,Satisficer,post,,,0,0,0,0.001,28.80
cell,16,satisficer_33,Satisficer,post,,,0,0,0,0.001,28.80
cell,16,satisficer_34,Satisficer,post,,,0,0,0,0.002,28.80
cell,16,satisficer_35,Satisficer,post,,,0,0,0,0.002,28.80
cell,16,satisficer_36,Satisficer,post,,,0,0,0,0.001,28.80
cell,16,satisficer_37,Satisficer,post,,,0,0,0,0.002,28.80
cell,16,satisficer_38,Satisficer,post,,,0,0,0,0.002,28.80
cell,16,satisficer_39,Satisficer,post,,,0,0,0,0.001,28.80
cell,16,satisficer_40,Satisficer,post,,,0,0,0,0.001,28.80
cell,16,satisficer_41,Satisficer,post,,,0,0,0,0.001,28.80
cell,16,satisficer_42,Satisficer,post,,,0,0,0,0.001,28.80
cell,16,satisficer_43,Satisficer,post,,,0,0,0,0.001,28.80
cell,16,satisficer_44,Satisficer,post,,,0,0,0,0.001,28.80
cell,16,satisficer_45,Satisficer,post,,,0,0,0,0.001,28.80
cell,16,satisficer_46,Satisficer,post,,,0,0,0,0.001,28.80
cell,16,satisficer_47,Satisficer,post,,,0,0,0,0.001,28.80
cell,16,satisficer_48,Satisficer,post,,,0,0,0,0.001,28.80
cell,16,satisficer_49,Satisficer,post,,,0,0,0,0.001,28.80
cell,17,satisficer_0,Satisficer,post,,,0,0,0,0.001,28.81
cell,17,satisficer_1,Satisficer,post,,,0,0,0,0.001,28.81
cell,17,satisficer_2,Satisficer,post,,,0,0,0,0.001,28.81
cell,17,satisficer_3,Satisficer,post,,,0,0,0,0.001,28.81
cell,17,satisficer_4,Satisficer,post,,,0,0,0,0.001,28.81
cell,17,satisficer_5,Satisficer,post,,,0,0,0,0.001,28.81
cell,17,satisficer_6,Satisficer,post,,,0,0,0,0.001,28.81
cell,17,satisficer_7,Satisficer,post,,,0,0,0,0.001,28.81
cell,17,satisficer_8,Satisficer,post,,,0,0,0,0.001,28.81
cell,17,satisficer_9,Satisficer,post,,,0,0,0,0.001,28.81
cell,17,satisficer_10,Satisficer,post,,,0,0,0,0.001,28.81
cell,17,satisficer_11,Satisficer,post,,,0,0,0,0.001,28.81
cell,17,satisficer_12,Satisficer,post,,,0,0,0,0.001,28.81
cell,17,satisficer_13,Satisficer,post,,,0,0,0,0.001,28.81
cell,17,satisficer_14,Satisficer,post,,,0,0,0,0.001,28.81
cell,17,satisficer_15,Satisficer,post,,,0,0,0,0.001,28.81
cell,17,satisficer_16,Satisficer,post,,,0,0,0,0.001,28.81
cell,17,satisficer_17,Satisficer,post,,,0,0,0,0.001,28.81
cell,17,satisficer_18,Satisficer,post,,,0,0,0,0.001,28.81
cell,17,satisficer_19,Satisficer,post,,,0,0,0,0.001,28.81
cell,17,satisficer_20,Satisficer,post,,,0,0,0,0.001,28.81
cell,17,satisficer_21,Satisficer,post,,,0,0,0,0.001,28.81
cell,17,satisficer_22,Satisficer,post,,,0,0,0,0.001,28.81
cell,17,satisficer_23,Satisficer,post,,,0,0,0,0.001,28.81
cell,17,satisficer_24,Satisficer,post,,,0,0,0,0.001,28.81
cell,17,satisficer_25,Satisficer,post,,,0,0,0,0.001,28.81
cell,17,satisficer_26,Satisficer,post,,,0,0,0,0.001,28.81
cell,17,satisficer_27,Satisficer,post,,,0,0,0,0.001,28.81
cell,17,satisficer_28,Satisficer,post,,,0,0,0,0.001,28.81
cell,17,satisficer_29,Satisficer,post,,,0,0,0,0.001,28.81
cell,17,satisficer_30,Satisficer,post,,,0,0,0,0.001,28.81
cell,17,satisficer_31,Satisficer,post,,,0,0,0,0.001,28.81
cell,17,satisficer_32,Satisficer,post,,,0,0,0,0.001,28.81
cell,17,satisficer_33,Satisficer,post,,,0,0,0,0.001,28.81
cell,17,satisficer_34,Satisficer,post,,,0,0,0,0.001,28.81
cell,17,satisficer_35,Satisficer,post,,,0,0,0,0.001,28.81
cell,17,satisficer_36,Satisficer,post,,,0,0,0,0.001,28.81
cell,17,satisficer_37,Satisficer,post,,,0,0,0,0.001,28.81
cell,17,satisficer_38,Satisficer,post,,,0,0,0,0.001,28.81
cell,17,satisficer_39,Satisficer,post,,,0,0,0,0.001,28.81
cell,17,satisficer_40,Satisficer,post,,,0,0,0,0.001,28.81
cell,17,satisficer_41,Satisficer,post,,,0,0,0,0.001,28.81
cell,17,satisficer_42,Satisficer,post,,,0,0,0,0.001,28.81
cell,17,satisficer_43,Satisficer,post,,,0,0,0,0.001,28.81
cell,17,satisficer_44,Satisficer,post,,,0,0,0,0.001,28.81
cell,17,satisficer_45,Satisficer,post,,,0,0,0,0.001,28.81
cell,17,satisficer_46,Satisficer,post,,,0,0,0,0.001,28.81
cell,17,satisficer_47,Satisficer,post,,,0,0,0,0.001,28.81
cell,17,satisficer_48,Satisficer,post,,,0,0,0,0.001,28.81
cell,17,satisficer_49,Satisficer,post,,,0,0,0,0.001,28.81
cell,18,satisficer_0,Satisficer,post,,,0,0,0,0.001,28.81
cell,18,satisficer_1,Satisficer,post,,,0,0,0,0.001,28.81
cell,18,satisficer_2,Satisficer,post,,,0,0,0,0.001,28.81
cell,18,satisficer_3,Satisficer,post,,,0,0,0,0.001,28.81
cell,18,satisficer_4,Satisficer,post,,,0,0,0,0.001,28.81
cell,18,satisficer_5,Satisficer,post,,,0,0,0,0.001,28.81
cell,18,satisficer_6,Satisficer,post,,,0,0,0,0.001,28.81
cell,18,satisficer_7,Satisficer,post,,,0,0,0,0.001,28.81
cell,18,satisficer_8,Satisficer,post,,,0,0,0,0.001,28.81
cell,18,satisficer_9,Satisficer,post,,,0,0,0,0.001,28.81
cell,18,satisficer_10,Satisficer,post,,,0,0,0,0.001,28.81
cell,18,satisficer_11,Satisficer,post,,,0,0,0,0.001,28.81
cell,18,satisficer_12,Satisficer,post,,,0,0,0,0.001,28.81
cell,18,satisficer_13,Satisficer,post,,,0,0,0,0.001,28.81
cell,18,satisficer_14,Satisficer,post,,,0,0,0,0.001,28.81
cell,18,satisficer_15,Satisficer,post,,,0,0,0,0.001,28.81
cell,18,satisficer_16,Satisficer,post,,,0,0,0,0.001,28.81
cell,18,satisficer_17,Satisficer,post,,,0,0,0,0.001,28.81
cell,18,satisficer_18,Satisficer,post,,,0,0,0,0.001,28.81
cell,18,satisficer_19,Satisficer,post,,,0,0,0,0.001,28.81
cell,18,satisficer_20,Satisficer,post,,,0,0,0,0.001,28.81
cell,18,satisficer_21,Satisficer,post,,,0,0,0,0.001,28.81
cell,18,satisficer_22,Satisficer,post,,,0,0,0,0.001,28.81
cell,18,satisficer_23,Satisficer,post,,,0,0,0,0.001,28.81
cell,18,satisficer_24,Satisficer,post,,,0,0,0,0.001,28.81
cell,18,satisficer_25,Satisficer,post,,,0,0,0,0.001,28.81
cell,18,satisficer_26,Satisficer,post,,,0,0,0,0.001,28.81
cell,18,satisficer_27,Satisficer,post,,,0,0,0,0.001,28.81
cell,18,satisficer_28,Satisficer,post,,,0,0,0,0.001,28.81
cell,18,satisficer_29,Satisficer,post,,,0,0,0,0.001,28.81
cell,18,satisficer_30,Satisficer,post,,,0,0,0,0.001,28.81
cell,18,satisficer_31,Satisficer,post,,,0,0,0,0.001,28.81
cell,18,satisficer_32,Satisficer,post,,,0,0,0,0.001,28.81
cell,18,satisficer_33,Satisficer,post,,,0,0,0,0.001,28.81
cell,18,satisficer_34,Satisficer,post,,,0,0,0,0.001,28.81
cell,18,satisficer_35,Satisficer,post,,,0,0,0,0.001,28.81
cell,18,satisficer_36,Satisficer,post,,,0,0,0,0.001,28.81
cell,18,satisficer_37,Satisficer,post,,,0,0,0,0.001,28.81
cell,18,satisficer_38,Satisficer,post,,,0,0,0,0.001,28.81
cell,18,satisficer_39,Satisficer,post,,,0,0,0,0.001,28.81
cell,18,satisficer_40,Satisficer,post,,,0,0,0,0.001,28.81
cell,18,satisficer_41,Satisficer,post,,,0,0,0,0.001,28.81
cell,18,satisficer_42,Satisficer,post,,,0,0,0,0.001,28.81
cell,18,satisficer_43,Satisficer,post,,,0,0,0,0.001,28.81
cell,18,satisficer_44,Satisficer,post,,,0,0,0,0.001,28.81
cell,18,satisficer_45,Satisficer,post,,,0,0,0,0.001,28.81
cell,18,satisficer_46,Satisficer,post,,,0,0,0,0.001,28.81
cell,18,satisficer_47,Satisficer,post,,,0,0,0,0.001,28.81
cell,18,satisficer_48,Satisficer,post,,,0,0,0,0.001,28.81
cell,18,satisficer_49,Satisficer,post,,,0,0,0,0.001,28.81
cell,19,satisficer_0,Satisficer,post,,,0,0,0,0.001,28.81
cell,19,satisficer_1,Satisficer,post,,,0,0,0,0.001,28.81
cell,19,satisficer_2,Satisficer,post,,,0,0,0,0.001,28.81
cell,19,satisficer_3,Satisficer,post,,,0,0,0,0.001,28.81
cell,19,satisficer_4,Satisficer,post,,,0,0,0,0.001,28.81
cell,19,satisficer_5,Satisficer,post,,,0,0,0,0.001,28.81
cell,19,satisficer_6,Satisficer,post,,,0,0,0,0.001,28.81
cell,19,satisficer_7,Satisficer,post,,,0,0,0,0.001,28.81
cell,19,satisficer_8,Satisficer,post,,,0,0,0,0.001,28.81
cell,19,satisficer_9,Satisficer,post,,,0,0,0,0.001,28.81
cell,19,satisficer_10,Satisficer,post,,,0,0,0,0.001,28.81
cell,19,satisficer_11,Satisficer,post,,,0,0,0,0.001,28.81
cell,19,satisficer_12,Satisficer,post,,,0,0,0,0.001,28.81
cell,19,satisficer_13,Satisficer,post,,,0,0,0,0.001,28.81
cell,19,satisficer_14,Satisficer,post,,,0,0,0,0.001,28.81
cell,19,satisficer_15,Satisficer,post,,,0,0,0,0.001,28.81
cell,19,satisficer_16,Satisficer,post,,,0,0,0,0.001,28.81
cell,19,satisficer_17,Satisficer,post,,,0,0,0,0.001,28.81
cell,19,satisficer_18,Satisficer,post,,,0,0,0,0.001,28.81
cell,19,satisficer_19,Satisficer,post,,,0,0,0,0.001,28.81
cell,19,satisficer_20,Satisficer,post,,,0,0,0,0.001,28.81
cell,19,satisficer_21,Satisficer,post,,,0,0,0,0.001,28.81
cell,19,satisficer_22,Satisficer,post,,,0,0,0,0.001,28.81
cell,19,satisficer_23,Satisficer,post,,,0,0,0,0.001,28.81
cell,19,satisficer_24,Satisficer,post,,,0,0,0,0.001,28.81
cell,19,satisficer_25,Satisficer,post,,,0,0,0,0.001,28.81
cell,19,satisficer_26,Satisficer,post,,,0,0,0,0.001,28.81
cell,19,satisficer_27,Satisficer,post,,,0,0,0,0.001,28.81
cell,19,satisficer_28,Satisficer,post,,,0,0,0,0.001,28.81
cell,19,satisficer_29,Satisficer,post,,,0,0,0,0.001,28.81
cell,19,satisficer_30,Satisficer,post,,,0,0,0,0.001,28.81
cell,19,satisficer_31,Satisficer,post,,,0,0,0,0.001,28.81
cell,19,satisficer_32,Satisficer,post,,,0,0,0,0.001,28.81
cell,19,satisficer_33,Satisficer,post,,,0,0,0,0.001,28.81
cell,19,satisficer_34,Satisficer,post,,,0,0,0,0.001,28.81
cell,19,satisficer_35,Satisficer,post,,,0,0,0,0.001,28.81
cell,19,satisficer_36,Satisficer,post,,,0,0,0,0.001,28.81
cell,19,satisficer_37,Satisficer,post,,,0,0,0,0.001,28.81
cell,19,satisficer_38,Satisficer,post,,,0,0,0,0.001,28.81
cell,19,satisficer_39,Satisficer,post,,,0,0,0,0.001,28.81
cell,19,satisficer_40,Satisficer,post,,,0,0,0,0.001,28.81
cell,19,satisficer_41,Satisficer,post,,,0,0,0,0.001,28.81
cell,19,satisficer_42,Satisficer,post,,,0,0,0,0.001,28.81
cell,19,satisficer_43,Satisficer,post,,,0,0,0,0.001,28.81
cell,19,satisficer_44,Satisficer,post,,,0,0,0,0.001,28.81
cell,19,satisficer_45,Satisficer,post,,,0,0,0,0.001,28.81
cell,19,satisficer_46,Satisficer,post,,,0,0,0,0.001,28.81
cell,19,satisficer_47,Satisficer,post,,,0,0,0,0.001,28.81
cell,19,satisficer_48,Satisficer,post,,,0,0,0,0.001,28.81
cell,19,satisficer_49,Satisficer,post,,,0,0,0,0.001,28.81
cell,20,satisficer_0,Satisficer,post,,,0,0,0,0.001,28.81
cell,20,satisficer_1,Satisficer,post,,,0,0,0,0.001,28.81
cell,20,satisficer_2,Satisficer,post,,,0,0,0,0.001,28.81
cell,20,satisficer_3,Satisficer,post,,,0,0,0,0.001,28.81
cell,20,satisficer_4,Satisficer,post,,,0,0,0,0.001,28.81
cell,20,satisficer_5,Satisficer,post,,,0,0,0,0.001,28.81
cell,20,satisficer_6,Satisficer,post,,,0,0,0,0.001,28.81
cell,20,satisficer_7,Satisficer,post,,,0,0,0,0.001,28.81
cell,20,satisficer_8,Satisficer,post,,,0,0,0,0.001,28.81
cell,20,satisficer_9,Satisficer,post,,,0,0,0,0.001,28.81
cell,20,satisficer_10,Satisficer,post,,,0,0,0,0.001,28.81
cell,20,satisficer_11,Satisficer,post,,,0,0,0,0.001,28.81
cell,20,satisficer_12,Satisficer,post,,,0,0,0,0.001,28.81
cell,20,satisficer_13,Satisficer,post,,,0,0,0,0.001,28.81
cell,20,satisficer_14,Satisficer,post,,,0,0,0,0.001,28.81
cell,20,satisficer_15,Satisficer,post,,,0,0,0,0.001,28.81
cell,20,satisficer_16,Satisficer,post,,,0,0,0,0.001,28.81
cell,20,satisficer_17,Satisficer,post,,,0,0,0,0.001,28.81
cell,20,satisficer_18,Satisficer,post,,,0,0,0,0.001,28.81
cell,20,satisficer_19,Satisficer,post,,,0,0,0,0.001,28.81
cell,20,satisficer_20,Satisficer,post,,,0,0,0,0.001,28.81
cell,20,satisficer_21,Satisficer,post,,,0,0,0,0.001,28.81
cell,20,satisficer_22,Satisficer,post,,,0,0,0,0.001,28.81
cell,20,satisficer_23,Satisficer,post,,,0,0,0,0.001,28.81
cell,20,satisficer_24,Satisficer,post,,,0,0,0,0.001,28.81
cell,20,satisficer_25,Satisficer,post,,,0,0,0,0.001,28.81
cell,20,satisficer_26,Satisficer,post,,,0,0,0,0.001,28.81
cell,20,satisficer_27,Satisficer,post,,,0,0,0,0.001,28.81
cell,20,satisficer_28,Satisficer,post,,,0,0,0,0.001,28.81
cell,20,satisficer_29,Satisficer,post,,,0,0,0,0.001,28.81
cell,20,satisficer_30,Satisficer,post,,,0,0,0,0.001,28.81
cell,20,satisficer_31,Satisficer,post,,,0,0,0,0.001,28.81
cell,20,satisficer_32,Satisficer,post,,,0,0,0,0.001,28.81
cell,20,satisficer_33,Satisficer,post,,,0,0,0,0.001,28.81
cell,20,satisficer_34,Satisficer,post,,,0,0,0,0.001,28.81
cell,20,satisficer_35,Satisficer,post,,,0,0,0,0.001,28.81
cell,20,satisficer_36,Satisficer,post,,,0,0,0,0.001,28.81
cell,20,satisficer_37,Satisficer,post,,,0,0,0,0.001,28.81
cell,20,satisficer_38,Satisficer,post,,,0,0,0,0.001,28.81
cell,20,satisficer_39,Satisficer,post,,,0,0,0,0.001,28.81
cell,20,satisficer_40,Satisficer,post,,,0,0,0,0.001,28.81
cell,20,satisficer_41,Satisficer,post,,,0,0,0,0.001,28.81
cell,20,satisficer_42,Satisficer,post,,,0,0,0,0.001,28.81
cell,20,satisficer_43,Satisficer,post,,,0,0,0,0.001,28.81
cell,20,satisficer_44,Satisficer,post,,,0,0,0,0.001,28.81
cell,20,satisficer_45,Satisficer,post,,,0,0,0,0.001,28.81
cell,20,satisficer_46,Satisficer,post,,,0,0,0,0.001,28.81
cell,20,satisficer_47,Satisficer,post,,,0,0,0,0.001,28.81
cell,20,satisficer_48,Satisficer,post,,,0,0,0,0.001,28.81
cell,20,satisficer_49,Satisficer,post,,,0,0,0,0.001,28.81
cell,21,satisficer_0,Satisficer,post,,,0,0,0,0.001,28.83
cell,21,satisficer_1,Satisficer,post,,,0,0,0,0.001,28.83
cell,21,satisficer_2,Satisficer,post,,,0,0,0,0.001,28.83
cell,21,satisficer_3,Satisficer,post,,,0,0,0,0.001,28.83
cell,21,satisficer_4,Satisficer,post,,,0,0,0,0.001,28.83
cell,21,satisficer_5,Satisficer,post,,,0,0,0,0.001,28.83
cell,21,satisficer_6,Satisficer,post,,,0,0,0,0.001,28.83
cell,21,satisficer_7,Satisficer,post,,,0,0,0,0.001,28.83
cell,21,satisficer_8,Satisficer,post,,,0,0,0,0.001,28.83
cell,21,satisficer_9,Satisficer,post,,,0,0,0,0.001,28.83
cell,21,satisficer_10,Satisficer,post,,,0,0,0,0.001,28.83
cell,21,satisficer_11,Satisficer,post,,,0,0,0,0.001,28.83
cell,21,satisficer_12,Satisficer,post,,,0,0,0,0.001,28.83
cell,21,satisficer_13,Satisficer,post,,,0,0,0,0.001,28.83
cell,21,satisficer_14,Satisficer,post,,,0,0,0,0.001,28.83
cell,21,satisficer_15,Satisficer,post,,,0,0,0,0.001,28.83
cell,21,satisficer_16,Satisficer,post,,,0,0,0,0.001,28.83
cell,21,satisficer_17,Satisficer,post,,,0,0,0,0.001,28.83
cell,21,satisficer_18,Satisficer,post,,,0,0,0,0.001,28.83
cell,21,satisficer_19,Satisficer,post,,,0,0,0,0.001,28.83
cell,21,satisficer_20,Satisficer,post,,,0,0,0,0.001,28.83
cell,21,satisficer_21,Satisficer,post,,,0,0,0,0.001,28.83
cell,21,satisficer_22,Satisficer,post,,,0,0,0,0.001,28.83
cell,21,satisficer_23,Satisficer,post,,,0,0,0,0.001,28.83
cell,21,satisficer_24,Satisficer,post,,,0,0,0,0.001,28.83
cell,21,satisficer_25,Satisficer,post,,,0,0,0,0.001,28.83
cell,21,satisficer_26,Satisficer,post,,,0,0,0,0.001,28.83
cell,21,satisficer_27,Satisficer,post,,,0,0,0,0.001,28.83
cell,21,satisficer_28,Satisficer,post,,,0,0,0,0.001,28.83
cell,21,satisficer_29,Satisficer,post,,,0,0,0,0.001,28.83
cell,21,satisficer_30,Satisficer,post,,,0,0,0,0.001,28.83
cell,21,satisficer_31,Satisficer,post,,,0,0,0,0.001,28.83
cell,21,satisficer_32,Satisficer,post,,,0,0,0,0.001,28.83
cell,21,satisficer_33,Satisficer,post,,,0,0,0,0.001,28.83
cell,21,satisficer_34,Satisficer,post,,,0,0,0,0.001,28.83
cell,21,satisficer_35,Satisficer,post,,,0,0,0,0.001,28.83
cell,21,satisficer_36,Satisficer,post,,,0,0,0,0.001,28.83
cell,21,satisficer_37,Satisficer,post,,,0,0,0,0.001,28.83
cell,21,satisficer_38,Satisficer,post,,,0,0,0,0.001,28.83
cell,21,satisficer_39,Satisficer,post,,,0,0,0,0.001,28.83
cell,21,satisficer_40,Satisficer,post,,,0,0,0,0.001,28.83
cell,21,satisficer_41,Satisficer,post,,,0,0,0,0.001,28.83
cell,21,satisficer_42,Satisficer,post,,,0,0,0,0.001,28.83
cell,21,satisficer_43,Satisficer,post,,,0,0,0,0.001,28.83
cell,21,satisficer_44,Satisficer,post,,,0,0,0,0.001,28.83
cell,21,satisficer_45,Satisficer,post,,,0,0,0,0.001,28.83
cell,21,satisficer_46,Satisficer,post,,,0,0,0,0.001,28.83
cell,21,satisficer_47,Satisficer,post,,,0,0,0,0.001,28.83
cell,21,satisficer_48,Satisficer,post,,,0,0,0,0.001,28.83
cell,21,satisficer_49,Satisficer,post,,,0,0,0,0.001,28.83
cell,22,satisficer_0,Satisficer,post,,,0,0,0,0.001,28.83
cell,22,satisficer_1,Satisficer,post,,,0,0,0,0.001,28.83
cell,22,satisficer_2,Satisficer,post,,,0,0,0,0.001,28.83
cell,22,satisficer_3,Satisficer,post,,,0,0,0,0.001,28.83
cell,22,satisficer_4,Satisficer,post,,,0,0,0,0.001,28.83
cell,22,satisficer_5,Satisficer,post,,,0,0,0,0.001,28.83
cell,22,satisficer_6,Satisficer,post,,,0,0,0,0.001,28.83
cell,22,satisficer_7,Satisficer,post,,,0,0,0,0.001,28.83
cell,22,satisficer_8,Satisficer,post,,,0,0,0,0.001,28.83
cell,22,satisficer_9,Satisficer,post,,,0,0,0,0.001,28.83
cell,22,satisficer_10,Satisficer,post,,,0,0,0,0.001,28.83
cell,22,satisficer_11,Satisficer,post,,,0,0,0,0.001,28.83
cell,22,satisficer_12,Satisficer,post,,,0,0,0,0.001,28.83
cell,22,satisficer_13,Satisficer,post,,,0,0,0,0.001,28.83
cell,22,satisficer_14,Satisficer,post,,,0,0,0,0.001,28.83
cell,22,satisficer_15,Satisficer,post,,,0,0,0,0.001,28.83
cell,22,satisficer_16,Satisficer,post,,,0,0,0,0.001,28.83
cell,22,satisficer_17,Satisficer,post,,,0,0,0,0.001,28.83
cell,22,satisficer_18,Satisficer,post,,,0,0,0,0.001,28.83
cell,22,satisficer_19,Satisficer,post,,,0,0,0,0.001,28.83
cell,22,satisficer_20,Satisficer,post,,,0,0,0,0.001,28.83
cell,22,satisficer_21,Satisficer,post,,,0,0,0,0.001,28.83
cell,22,satisficer_22,Satisficer,post,,,0,0,0,0.001,28.83
cell,22,satisficer_23,Satisficer,post,,,0,0,0,0.001,28.83
cell,22,satisficer_24,Satisficer,post,,,0,0,0,0.001,28.83
cell,22,satisficer_25,Satisficer,post,,,0,0,0,0.001,28.83
cell,22,satisficer_26,Satisficer,post,,,0,0,0,0.001,28.83
cell,22,satisficer_27,Satisficer,post,,,0,0,0,0.001,28.83
cell,22,satisficer_28,Satisficer,post,,,0,0,0,0.001,28.83
cell,22,satisficer_29,Satisficer,post,,,0,0,0,0.001,28.83
cell,22,satisficer_30,Satisficer,post,,,0,0,0,0.001,28.83
cell,22,satisficer_31,Satisficer,post,,,0,0,0,0.001,28.83
cell,22,satisficer_32,Satisficer,post,,,0,0,0,0.001,28.83
cell,22,satisficer_33,Satisficer,post,,,0,0,0,0.001,28.83
cell,22,satisficer_34,Satisficer,post,,,0,0,0,0.001,28.83
cell,22,satisficer_35,Satisficer,post,,,0,0,0,0.001,28.83
cell,22,satisficer_36,Satisficer,post,,,0,0,0,0.001,28.83
cell,22,satisficer_37,Satisficer,post,,,0,0,0,0.001,28.83
cell,22,satisficer_38,Satisficer,post,,,0,0,0,0.001,28.83
cell,22,satisficer_39,Satisficer,post,,,0,0,0,0.001,28.83
cell,22,satisficer_40,Satisficer,post,,,0,0,0,0.001,28.83
cell,22,satisficer_41,Satisficer,post,,,0,0,0,0.001,28.83
cell,22,satisficer_42,Satisficer,post,,,0,0,0,0.001,28.83
cell,22,satisficer_43,Satisficer,post,,,0,0,0,0.001,28.83
cell,22,satisficer_44,Satisficer,post,,,0,0,0,0.001,28.83
cell,22,satisficer_45,Satisficer,post,,,0,0,0,0.001,28.83
cell,22,satisficer_46,Satisficer,post,,,0,0,0,0.001,28.83
cell,22,satisficer_47,Satisficer,post,,,0,0,0,0.001,28.83
cell,22,satisficer_48,Satisficer,post,,,0,0,0,0.001,28.83
cell,22,satisficer_49,Satisficer,post,,,0,0,0,0.001,28.83
cell,23,satisficer_0,Satisficer,post,,,0,0,0,0.001,28.83
cell,23,satisficer_1,Satisficer,post,,,0,0,0,0.001,28.83
cell,23,satisficer_2,Satisficer,post,,,0,0,0,0.001,28.83
cell,23,satisficer_3,Satisficer,post,,,0,0,0,0.001,28.83
cell,23,satisficer_4,Satisficer,post,,,0,0,0,0.001,28.83
cell,23,satisficer_5,Satisficer,post,,,0,0,0,0.001,28.83
cell,23,satisficer_6,Satisficer,post,,,0,0,0,0.001,28.83
cell,23,satisficer_7,Satisficer,post,,,0,0,0,0.001,28.83
cell,23,satisficer_8,Satisficer,post,,,0,0,0,0.001,28.83
cell,23,satisficer_9,Satisficer,post,,,0,0,0,0.001,28.83
cell,23,satisficer_10,Satisficer,post,,,0,0,0,0.001,28.83
cell,23,satisficer_11,Satisficer,post,,,0,0,0,0.001,28.83
cell,23,satisficer_12,Satisficer,post,,,0,0,0,0.001,28.83
cell,23,satisficer_13,Satisficer,post,,,0,0,0,0.001,28.83
cell,23,satisficer_14,Satisficer,post,,,0,0,0,0.001,28.83
cell,23,satisficer_15,Satisficer,post,,,0,0,0,0.001,28.83
cell,23,satisficer_16,Satisficer,post,,,0,0,0,0.001,28.83
cell,23,satisficer_17,Satisficer,post,,,0,0,0,0.001,28.83
cell,23,satisficer_18,Satisficer,post,,,0,0,0,0.001,28.83
cell,23,satisficer_19,Satisficer,post,,,0,0,0,0.001,28.83
cell,23,satisficer_20,Satisficer,post,,,0,0,0,0.001,28.83
cell,23,satisficer_21,Satisficer,post,,,0,0,0,0.001,28.83
cell,23,satisficer_22,Satisficer,post,,,0,0,0,0.001,28.83
cell,23,satisficer_23,Satisficer,post,,,0,0,0,0.001,28.83
cell,23,satisficer_24,Satisficer,post,,,0,0,0,0.001,28.83
cell,23,satisficer_25,Satisficer,post,,,0,0,0,0.001,28.83
cell,23,satisficer_26,Satisficer,post,,,0,0,0,0.001,28.83
cell,23,satisficer_27,Satisficer,post,,,0,0,0,0.001,28.83
cell,23,satisficer_28,Satisficer,post,,,0,0,0,0.001,28.83
cell,23,satisficer_29,Satisficer,post,,,0,0,0,0.001,28.83
cell,23,satisficer_30,Satisficer,post,,,0,0,0,0.001,28.83
cell,23,satisficer_31,Satisficer,post,,,0,0,0,0.001,28.83
cell,23,satisficer_32,Satisficer,post,,,0,0,0,0.001,28.83
cell,23,satisficer_33,Satisficer,post,,,0,0,0,0.001,28.83
cell,23,satisficer_34,Satisficer,post,,,0,0,0,0.001,28.83
cell,23,satisficer_35,Satisficer,post,,,0,0,0,0.001,28.83
cell,23,satisficer_36,Satisficer,post,,,0,0,0,0.001,28.83
cell,23,satisficer_37,Satisficer,post,,,0,0,0,0.001,28.83
cell,23,satisficer_38,Satisficer,post,,,0,0,0,0.001,28.83
cell,23,satisficer_39,Satisficer,post,,,0,0,0,0.001,28.83
cell,23,satisficer_40,Satisficer,post,,,0,0,0,0.001,28.83
cell,23,satisficer_41,Satisficer,post,,,0,0,0,0.001,28.83
cell,23,satisficer_42,Satisficer,post,,,0,0,0,0.001,28.83
cell,23,satisficer_43,Satisficer,post,,,0,0,0,0.001,28.83
cell,23,satisficer_44,Satisficer,post,,,0,0,0,0.001,28.83
cell,23,satisficer_45,Satisficer,post,,,0,0,0,0.001,28.83
cell,23,satisficer_46,Satisficer,post,,,0,0,0,0.001,28.83
cell,23,satisficer_47,Satisficer,post,,,0,0,0,0.001,28.83
cell,23,satisficer_48,Satisficer,post,,,0,0,0,0.001,28.83
cell,23,satisficer_49,Satisficer,post,,,0,0,0,0.001,28.83
cell,24,satisficer_0,Satisficer,post,,,0,0,0,0.001,28.83
cell,24,satisficer_1,Satisficer,post,,,0,0,0,0.001,28.83
cell,24,satisficer_2,Satisficer,post,,,0,0,0,0.001,28.83
cell,24,satisficer_3,Satisficer,post,,,0,0,0,0.001,28.83
cell,24,satisficer_4,Satisficer,post,,,0,0,0,0.001,28.83
cell,24,satisficer_5,Satisficer,post,,,0,0,0,0.001,28.83
cell,24,satisficer_6,Satisficer,post,,,0,0,0,0.001,28.83
cell,24,satisficer_7,Satisficer,post,,,0,0,0,0.001,28.83
cell,24,satisficer_8,Satisficer,post,,,0,0,0,0.001,28.83
cell,24,satisficer_9,Satisficer,post,,,0,0,0,0.001,28.83
cell,24,satisficer_10,Satisficer,post,,,0,0,0,0.001,28.83
cell,24,satisficer_11,Satisficer,post,,,0,0,0,0.001,28.83
cell,24,satisficer_12,Satisficer,post,,,0,0,0,0.001,28.83
cell,24,satisficer_13,Satisficer,post,,,0,0,0,0.001,28.83
cell,24,satisficer_14,Satisficer,post,,,0,0,0,0.001,28.83
cell,24,satisficer_15,Satisficer,post,,,0,0,0,0.001,28.83
cell,24,satisficer_16,Satisficer,post,,,0,0,0,0.001,28.83
cell,24,satisficer_17,Satisficer,post,,,0,0,0,0.001,28.83
cell,24,satisficer_18,Satisficer,post,,,0,0,0,0.001,28.83
cell,24,satisficer_19,Satisficer,post,,,0,0,0,0.001,28.83
cell,24,satisficer_20,Satisficer,post,,,0,0,0,0.001,28.83
cell,24,satisficer_21,Satisficer,post,,,0,0,0,0.001,28.83
cell,24,satisficer_22,Satisficer,post,,,0,0,0,0.001,28.83
cell,24,satisficer_23,Satisficer,post,,,0,0,0,0.001,28.83
cell,24,satisficer_24,Satisficer,post,,,0,0,0,0.001,28.83
cell,24,satisficer_25,Satisficer,post,,,0,0,0,0.001,28.83
cell,24,satisficer_26,Satisficer,post,,,0,0,0,0.001,28.83
cell,24,satisficer_27,Satisficer,post,,,0,0,0,0.001,28.83
cell,24,satisficer_28,Satisficer,post,,,0,0,0,0.001,28.83
cell,24,satisficer_29,Satisficer,post,,,0,0,0,0.001,28.83
cell,24,satisficer_30,Satisficer,post,,,0,0,0,0.001,28.83
cell,24,satisficer_31,Satisficer,post,,,0,0,0,0.001,28.83
cell,24,satisficer_32,Satisficer,post,,,0,0,0,0.001,28.83
cell,24,satisficer_33,Satisficer,post,,,0,0,0,0.001,28.83
cell,24,satisficer_34,Satisficer,post,,,0,0,0,0.001,28.83
cell,24,satisficer_35,Satisficer,post,,,0,0,0,0.001,28.83
cell,24,satisficer_36,Satisficer,post,,,0,0,0,0.001,28.83
cell,24,satisficer_37,Satisficer,post,,,0,0,0,0.001,28.83
cell,24,satisficer_38,Satisficer,post,,,0,0,0,0.001,28.83
cell,24,satisficer_39,Satisficer,post,,,0,0,0,0.001,28.83
cell,24,satisficer_40,Satisficer,post,,,0,0,0,0.001,28.83
cell,24,satisficer_41,Satisficer,post,,,0,0,0,0.001,28.83
cell,24,satisficer_42,Satisficer,post,,,0,0,0,0.001,28.83
cell,24,satisficer_43,Satisficer,post,,,0,0,0,0.001,28.83
cell,24,satisficer_44,Satisficer,post,,,0,0,0,0.001,28.83
cell,24,satisficer_45,Satisficer,post,,,0,0,0,0.001,28.83
cell,24,satisficer_46,Satisficer,post,,,0,0,0,0.001,28.83
cell,24,satisficer_47,Satisficer,post,,,0,0,0,0.001,28.83
cell,24,satisficer_48,Satisficer,post,,,0,0,0,0.001,28.83
cell,24,satisficer_49,Satisficer,post,,,0,0,0,0.001,28.83
cell,25,satisficer_0,Satisficer,post,,,0,0,0,0.001,28.84
cell,25,satisficer_1,Satisficer,post,,,0,0,0,0.001,28.84
cell,25,satisficer_2,Satisficer,post,,,0,0,0,0.001,28.84
cell,25,satisficer_3,Satisficer,post,,,0,0,0,0.001,28.84
cell,25,satisficer_4,Satisficer,post,,,0,0,0,0.001,28.84
cell,25,satisficer_5,Satisficer,post,,,0,0,0,0.001,28.84
cell,25,satisficer_6,Satisficer,post,,,0,0,0,0.001,28.84
cell,25,satisficer_7,Satisficer,post,,,0,0,0,0.001,28.84
cell,25,satisficer_8,Satisficer,post,,,0,0,0,0.001,28.84
cell,25,satisficer_9,Satisficer,post,,,0,0,0,0.001,28.84
cell,25,satisficer_10,Satisficer,post,,,0,0,0,0.001,28.84
cell,25,satisficer_11,Satisficer,post,,,0,0,0,0.001,28.84
cell,25,satisficer_12,Satisficer,post,,,0,0,0,0.001,28.84
cell,25,satisficer_13,Satisficer,post,,,0,0,0,0.001,28.84
cell,25,satisficer_14,Satisficer,post,,,0,0,0,0.001,28.84
cell,25,satisficer_15,Satisficer,post,,,0,0,0,0.001,28.84
cell,25,satisficer_16,Satisficer,post,,,0,0,0,0.001,28.84
cell,25,satisficer_17,Satisficer,post,,,0,0,0,0.001,28.84
cell,25,satisficer_18,Satisficer,post,,,0,0,0,0.001,28.84
cell,25,satisficer_19,Satisficer,post,,,0,0,0,0.001,28.84
cell,25,satisficer_20,Satisficer,post,,,0,0,0,0.001,28.84
cell,25,satisficer_21,Satisficer,post,,,0,0,0,0.001,28.84
cell,25,satisficer_22,Satisficer,post,,,0,0,0,0.001,28.84
cell,25,satisficer_23,Satisficer,post,,,0,0,0,0.001,28.84
cell,25,satisficer_24,Satisficer,post,,,0,0,0,0.001,28.84
cell,25,satisficer_25,Satisficer,post,,,0,0,0,0.001,28.84
cell,25,satisficer_26,Satisficer,post,,,0,0,0,0.001,28.84
cell,25,satisficer_27,Satisficer,post,,,0,0,0,0.001,28.84
cell,25,satisficer_28,Satisficer,post,,,0,0,0,0.001,28.84
cell,25,satisficer_29,Satisficer,post,,,0,0,0,0.001,28.84
cell,25,satisficer_30,Satisficer,post,,,0,0,0,0.001,28.84
cell,25,satisficer_31,Satisficer,post,,,0,0,0,0.001,28.84
cell,25,satisficer_32,Satisficer,post,,,0,0,0,0.001,28.84
cell,25,satisficer_33,Satisficer,post,,,0,0,0,0.001,28.84
cell,25,satisficer_34,Satisficer,post,,,0,0,0,0.001,28.84
cell,25,satisficer_35,Satisficer,post,,,0,0,0,0.001,28.84
cell,25,satisficer_36,Satisficer,post,,,0,0,0,0.001,28.84
cell,25,satisficer_37,Satisficer,post,,,0,0,0,0.001,28.84
cell,25,satisficer_38,Satisficer,post,,,0,0,0,0.001,28.84
cell,25,satisficer_39,Satisficer,post,,,0,0,0,0.001,28.84
cell,25,satisficer_40,Satisficer,post,,,0,0,0,0.001,28.84
cell,25,satisficer_41,Satisficer,post,,,0,0,0,0.001,28.84
cell,25,satisficer_42,Satisficer,post,,,0,0,0,0.001,28.84
cell,25,satisficer_43,Satisficer,post,,,0,0,0,0.001,28.84
cell,25,satisficer_44,Satisficer,post,,,0,0,0,0.001,28.84
cell,25,satisficer_45,Satisficer,post,,,0,0,0,0.001,28.84
cell,25,satisficer_46,Satisficer,post,,,0,0,0,0.001,28.84
cell,25,satisficer_47,Satisficer,post,,,0,0,0,0.001,28.84
cell,25,satisficer_48,Satisficer,post,,,0,0,0,0.001,28.84
cell,25,satisficer_49,Satisficer,post,,,0,0,0,0.001,28.84
cell,26,satisficer_0,Satisficer,post,,,0,0,0,0.001,28.84
cell,26,satisficer_1,Satisficer,post,,,0,0,0,0.001,28.84
cell,26,satisficer_2,Satisficer,post,,,0,0,0,0.001,28.84
cell,26,satisficer_3,Satisficer,post,,,0,0,0,0.001,28.84
cell,26,satisficer_4,Satisficer,post,,,0,0,0,0.001,28.84
cell,26,satisficer_5,Satisficer,post,,,0,0,0,0.001,28.84
cell,26,satisficer_6,Satisficer,post,,,0,0,0,0.001,28.84
cell,26,satisficer_7,Satisficer,post,,,0,0,0,0.001,28.84
cell,26,satisficer_8,Satisficer,post,,,0,0,0,0.001,28.84
cell,26,satisficer_9,Satisficer,post,,,0,0,0,0.001,28.84
cell,26,satisficer_10,Satisficer,post,,,0,0,0,0.002,28.84
cell,26,satisficer_11,Satisficer,post,,,0,0,0,0.001,28.84
cell,26,satisficer_12,Satisficer,post,,,0,0,0,0.002,28.84
cell,26,satisficer_13,Satisficer,post,,,0,0,0,0.001,28.84
cell,26,satisficer_14,Satisficer,post,,,0,0,0,0.001,28.84
cell,26,satisficer_15,Satisficer,post,,,0,0,0,0.001,28.84
cell,26,satisficer_16,Satisficer,post,,,0,0,0,0.001,28.84
cell,26,satisficer_17,Satisficer,post,,,0,0,0,0.001,28.84
cell,26,satisficer_18,Satisficer,post,,,0,0,0,0.001,28.84
cell,26,satisficer_19,Satisficer,post,,,0,0,0,0.001,28.84
cell,26,satisficer_20,Satisficer,post,,,0,0,0,0.001,28.84
cell,26,satisficer_21,Satisficer,post,,,0,0,0,0.001,28.84
cell,26,satisficer_22,Satisficer,post,,,0,0,0,0.001,28.84
cell,26,satisficer_23,Satisficer,post,,,0,0,0,0.001,28.84
cell,26,satisficer_24,Satisficer,post,,,0,0,0,0.001,28.84
cell,26,satisficer_25,Satisficer,post,,,0,0,0,0.001,28.84
cell,26,satisficer_26,Satisficer,post,,,0,0,0,0.001,28.84
cell,26,satisficer_27,Satisficer,post,,,0,0,0,0.001,28.84
cell,26,satisficer_28,Satisficer,post,,,0,0,0,0.001,28.84
cell,26,satisficer_29,Satisficer,post,,,0,0,0,0.001,28.84
cell,26,satisficer_30,Satisficer,post,,,0,0,0,0.001,28.84
cell,26,satisficer_31,Satisficer,post,,,0,0,0,0.001,28.84
cell,26,satisficer_32,Satisficer,post,,,0,0,0,0.001,28.84
cell,26,satisficer_33,Satisficer,post,,,0,0,0,0.001,28.84
cell,26,satisficer_34,Satisficer,post,,,0,0,0,0.001,28.84
cell,26,satisficer_35,Satisficer,post,,,0,0,0,0.001,28.84
cell,26,satisficer_36,Satisficer,post,,,0,0,0,0.001,28.84
cell,26,satisficer_37,Satisficer,post,,,0,0,0,0.001,28.84
cell,26,satisficer_38,Satisficer,post,,,0,0,0,0.001,28.84
cell,26,satisficer_39,Satisficer,post,,,0,0,0,0.001,28.84
cell,26,satisficer_40,Satisficer,post,,,0,0,0,0.001,28.84
cell,26,satisficer_41,Satisficer,post,,,0,0,0,0.001,28.84
cell,26,satisficer_42,Satisficer,post,,,0,0,0,0.001,28.84
cell,26,satisficer_43,Satisficer,post,,,0,0,0,0.001,28.84
cell,26,satisficer_44,Satisficer,post,,,0,0,0,0.001,28.84
cell,26,satisficer_45,Satisficer,post,,,0,0,0,0.001,28.84
cell,26,satisficer_46,Satisficer,post,,,0,0,0,0.001,28.84
cell,26,satisficer_47,Satisficer,post,,,0,0,0,0.001,28.84
cell,26,satisficer_48,Satisficer,post,,,0,0,0,0.001,28.84
cell,26,satisficer_49,Satisficer,post,,,0,0,0,0.001,28.84
cell,27,satisficer_0,Satisficer,post,,,0,0,0,0.001,28.86
cell,27,satisficer_1,Satisficer,post,,,0,0,0,0.001,28.86
cell,27,satisficer_2,Satisficer,post,,,0,0,0,0.001,28.86
cell,27,satisficer_3,Satisficer,post,,,0,0,0,0.001,28.86
cell,27,satisficer_4,Satisficer,post,,,0,0,0,0.001,28.86
cell,27,satisficer_5,Satisficer,post,,,0,0,0,0.001,28.86
cell,27,satisficer_6,Satisficer,post,,,0,0,0,0.001,28.86
cell,27,satisficer_7,Satisficer,post,,,0,0,0,0.001,28.86
cell,27,satisficer_8,Satisficer,post,,,0,0,0,0.001,28.86
cell,27,satisficer_9,Satisficer,post,,,0,0,0,0.001,28.86
cell,27,satisficer_10,Satisficer,post,,,0,0,0,0.001,28.86
cell,27,satisficer_11,Satisficer,post,,,0,0,0,0.001,28.86
cell,27,satisficer_12,Satisficer,post,,,0,0,0,0.001,28.86
cell,27,satisficer_13,Satisficer,post,,,0,0,0,0.001,28.86
cell,27,satisficer_14,Satisficer,post,,,0,0,0,0.001,28.86
cell,27,satisficer_15,Satisficer,post,,,0,0,0,0.001,28.86
cell,27,satisficer_16,Satisficer,post,,,0,0,0,0.001,28.86
cell,27,satisficer_17,Satisficer,post,,,0,0,0,0.001,28.86
cell,27,satisficer_18,Satisficer,post,,,0,0,0,0.001,28.86
cell,27,satisficer_19,Satisficer,post,,,0,0,0,0.001,28.86
cell,27,satisficer_20,Satisficer,post,,,0,0,0,0.001,28.86
cell,27,satisficer_21,Satisficer,post,,,0,0,0,0.001,28.86
cell,27,satisficer_22,Satisficer,post,,,0,0,0,0.001,28.86
cell,27,satisficer_23,Satisficer,post,,,0,0,0,0.001,28.86
cell,27,satisficer_24,Satisficer,post,,,0,0,0,0.001,28.86
cell,27,satisficer_25,Satisficer,post,,,0,0,0,0.001,28.86
cell,27,satisficer_26,Satisficer,post,,,0,0,0,0.001,28.86
cell,27,satisficer_27,Satisficer,post,,,0,0,0,0.001,28.86
cell,27,satisficer_28,Satisficer,post,,,0,0,0,0.001,28.86
cell,27,satisficer_29,Satisficer,post,,,0,0,0,0.001,28.86
cell,27,satisficer_30,Satisficer,post,,,0,0,0,0.001,28.86
cell,27,satisficer_31,Satisficer,post,,,0,0,0,0.001,28.86
cell,27,satisficer_32,Satisficer,post,,,0,0,0,0.001,28.86
cell,27,satisficer_33,Satisficer,post,,,0,0,0,0.001,28.86
cell,27,satisficer_34,Satisficer,post,,,0,0,0,0.001,28.86
cell,27,satisficer_35,Satisficer,post,,,0,0,0,0.001,28.86
cell,27,satisficer_36,Satisficer,post,,,0,0,0,0.001,28.86
cell,27,satisficer_37,Satisficer,post,,,0,0,0,0.001,28.86
cell,27,satisficer_38,Satisficer,post,,,0,0,0,0.001,28.86
cell,27,satisficer_39,Satisficer,post,,,0,0,0,0.001,28.86
cell,27,satisficer_40,Satisficer,post,,,0,0,0,0.001,28.86
cell,27,satisficer_41,Satisficer,post,,,0,0,0,0.001,28.86
cell,27,satisficer_42,Satisficer,post,,,0,0,0,0.001,28.86
cell,27,satisficer_43,Satisficer,post,,,0,0,0,0.001,28.86
cell,27,satisficer_44,Satisficer,post,,,0,0,0,0.001,28.86
cell,27,satisficer_45,Satisficer,post,,,0,0,0,0.001,28.86
cell,27,satisficer_46,Satisficer,post,,,0,0,0,0.001,28.86
cell,27,satisficer_47,Satisficer,post,,,0,0,0,0.001,28.86
cell,27,satisficer_48,Satisficer,post,,,0,0,0,0.001,28.86
cell,27,satisficer_49,Satisficer,post,,,0,0,0,0.001,28.86
cell,28,satisficer_0,Satisficer,post,,,0,0,0,0.001,28.86
cell,28,satisficer_1,Satisficer,post,,,0,0,0,0.001,28.86
cell,28,satisficer_2,Satisficer,post,,,0,0,0,0.001,28.86
cell,28,satisficer_3,Satisficer,post,,,0,0,0,0.001,28.86
cell,28,satisficer_4,Satisficer,post,,,0,0,0,0.001,28.86
cell,28,satisficer_5,Satisficer,post,,,0,0,0,0.001,28.86
cell,28,satisficer_6,Satisficer,post,,,0,0,0,0.001,28.86
cell,28,satisficer_7,Satisficer,post,,,0,0,0,0.001,28.86
cell,28,satisficer_8,Satisficer,post,,,0,0,0,0.001,28.86
cell,28,satisficer_9,Satisficer,post,,,0,0,0,0.001,28.86
cell,28,satisficer_10,Satisficer,post,,,0,0,0,0.001,28.86
cell,28,satisficer_11,Satisficer,post,,,0,0,0,0.001,28.86
cell,28,satisficer_12,Satisficer,post,,,0,0,0,0.001,28.86
cell,28,satisficer_13,Satisficer,post,,,0,0,0,0.001,28.86
cell,28,satisficer_14,Satisficer,post,,,0,0,0,0.001,28.86
cell,28,satisficer_15,Satisficer,post,,,0,0,0,0.001,28.86
cell,28,satisficer_16,Satisficer,post,,,0,0,0,0.001,28.86
cell,28,satisficer_17,Satisficer,post,,,0,0,0,0.001,28.86
cell,28,satisficer_18,Satisficer,post,,,0,0,0,0.001,28.86
cell,28,satisficer_19,Satisficer,post,,,0,0,0,0.001,28.86
cell,28,satisficer_20,Satisficer,post,,,0,0,0,0.001,28.86
cell,28,satisficer_21,Satisficer,post,,,0,0,0,0.001,28.86
cell,28,satisficer_22,Satisficer,post,,,0,0,0,0.001,28.86
cell,28,satisficer_23,Satisficer,post,,,0,0,0,0.001,28.86
cell,28,satisficer_24,Satisficer,post,,,0,0,0,0.001,28.86
cell,28,satisficer_25,Satisficer,post,,,0,0,0,0.001,28.86
cell,28,satisficer_26,Satisficer,post,,,0,0,0,0.001,28.86
cell,28,satisficer_27,Satisficer,post,,,0,0,0,0.001,28.86
cell,28,satisficer_28,Satisficer,post,,,0,0,0,0.001,28.86
cell,28,satisficer_29,Satisficer,post,,,0,0,0,0.001,28.86
cell,28,satisficer_30,Satisficer,post,,,0,0,0,0.001,28.86
cell,28,satisficer_31,Satisficer,post,,,0,0,0,0.001,28.86
cell,28,satisficer_32,Satisficer,post,,,0,0,0,0.001,28.86
cell,28,satisficer_33,Satisficer,post,,,0,0,0,0.001,28.86
cell,28,satisficer_34,Satisficer,post,,,0,0,0,0.001,28.86
cell,28,satisficer_35,Satisficer,post,,,0,0,0,0.001,28.86
cell,28,satisficer_36,Satisficer,post,,,0,0,0,0.001,28.86
cell,28,satisficer_37,Satisficer,post,,,0,0,0,0.001,28.86
cell,28,satisficer_38,Satisficer,post,,,0,0,0,0.001,28.86
cell,28,satisficer_39,Satisficer,post,,,0,0,0,0.001,28.86
cell,28,satisficer_40,Satisficer,post,,,0,0,0,0.001,28.86
cell,28,satisficer_41,Satisficer,post,,,0,0,0,0.001,28.86
cell,28,satisficer_42,Satisficer,post,,,0,0,0,0.001,28.86
cell,28,satisficer_43,Satisficer,post,,,0,0,0,0.001,28.86
cell,28,satisficer_44,Satisficer,post,,,0,0,0,0.001,28.86
cell,28,satisficer_45,Satisficer,post,,,0,0,0,0.001,28.86
cell,28,satisficer_46,Satisficer,post,,,0,0,0,0.001,28.86
cell,28,satisficer_47,Satisficer,post,,,0,0,0,0.001,28.86
cell,28,satisficer_48,Satisficer,post,,,0,0,0,0.001,28.86
cell,28,satisficer_49,Satisficer,post,,,0,0,0,0.001,28.86
cell,29,satisficer_0,Satisficer,post,,,0,0,0,0.001,28.86
cell,29,satisficer_1,Satisficer,post,,,0,0,0,0.001,28.86
cell,29,satisficer_2,Satisficer,post,,,0,0,0,0.001,28.86
cell,29,satisficer_3,Satisficer,post,,,0,0,0,0.001,28.86
cell,29,satisficer_4,Satisficer,post,,,0,0,0,0.002,28.86
cell,29,satisficer_5,Satisficer,post,,,0,0,0,0.001,28.86
cell,29,satisficer_6,Satisficer,post,,,0,0,0,0.001,28.86
cell,29,satisficer_7,Satisficer,post,,,0,0,0,0.001,28.86
cell,29,satisficer_8,Satisficer,post,,,0,0,0,0.001,28.86
cell,29,satisficer_9,Satisficer,post,,,0,0,0,0.001,28.86
cell,29,satisficer_10,Satisficer,post,,,0,0,0,0.001,28.86
cell,29,satisficer_11,Satisficer,post,,,0,0,0,0.001,28.86
cell,29,satisficer_12,Satisficer,post,,,0,0,0,0.001,28.86
cell,29,satisficer_13,Satisficer,post,,,0,0,0,0.001,28.86
cell,29,satisficer_14,Satisficer,post,,,0,0,0,0.001,28.86
cell,29,satisficer_15,Satisficer,post,,,0,0,0,0.001,28.86
cell,29,satisficer_16,Satisficer,post,,,0,0,0,0.001,28.86
cell,29,satisficer_17,Satisficer,post,,,0,0,0,0.001,28.86
cell,29,satisficer_18,Satisficer,post,,,0,0,0,0.001,28.86
cell,29,satisficer_19,Satisficer,post,,,0,0,0,0.001,28.86
cell,29,satisficer_20,Satisficer,post,,,0,0,0,0.001,28.86
cell,29,satisficer_21,Satisficer,post,,,0,0,0,0.001,28.86
cell,29,satisficer_22,Satisficer,post,,,0,0,0,0.001,28.86
cell,29,satisficer_23,Satisficer,post,,,0,0,0,0.001,28.86
cell,29,satisficer_24,Satisficer,post,,,0,0,0,0.001,28.86
cell,29,satisficer_25,Satisficer,post,,,0,0,0,0.001,28.86
cell,29,satisficer_26,Satisficer,post,,,0,0,0,0.001,28.86
cell,29,satisficer_27,Satisficer,post,,,0,0,0,0.001,28.86
cell,29,satisficer_28,Satisficer,post,,,0,0,0,0.001,28.86
cell,29,satisficer_29,Satisficer,post,,,0,0,0,0.001,28.86
cell,29,satisficer_30,Satisficer,post,,,0,0,0,0.001,28.86
cell,29,satisficer_31,Satisficer,post,,,0,0,0,0.001,28.86
cell,29,satisficer_32,Satisficer,post,,,0,0,0,0.001,28.86
cell,29,satisficer_33,Satisficer,post,,,0,0,0,0.001,28.86
cell,29,satisficer_34,Satisficer,post,,,0,0,0,0.001,28.86
cell,29,satisficer_35,Satisficer,post,,,0,0,0,0.001,28.86
cell,29,satisficer_36,Satisficer,post,,,0,0,0,0.001,28.86
cell,29,satisficer_37,Satisficer,post,,,0,0,0,0.001,28.86
cell,29,satisficer_38,Satisficer,post,,,0,0,0,0.001,28.86
cell,29,satisficer_39,Satisficer,post,,,0,0,0,0.001,28.86
cell,29,satisficer_40,Satisficer,post,,,0,0,0,0.001,28.86
cell,29,satisficer_41,Satisficer,post,,,0,0,0,0.001,28.86
cell,29,satisficer_42,Satisficer,post,,,0,0,0,0.001,28.86
cell,29,satisficer_43,Satisficer,post,,,0,0,0,0.001,28.86
cell,29,satisficer_44,Satisficer,post,,,0,0,0,0.001,28.86
cell,29,satisficer_45,Satisficer,post,,,0,0,0,0.001,28.86
cell,29,satisficer_46,Satisficer,post,,,0,0,0,0.001,28.86
cell,29,satisficer_47,Satisficer,post,,,0,0,0,0.001,28.86
cell,29,satisficer_48,Satisficer,post,,,0,0,0,0.001,28.86
cell,29,satisficer_49,Satisficer,post,,,0,0,0,0.001,28.86
cell,30,satisficer_0,Satisficer,post,,,0,0,0,0.001,28.88
cell,30,satisficer_1,Satisficer,post,,,0,0,0,0.001,28.88
cell,30,satisficer_2,Satisficer,post,,,0,0,0,0.001,28.88
cell,30,satisficer_3,Satisficer,post,,,0,0,0,0.001,28.88
cell,30,satisficer_4,Satisficer,post,,,0,0,0,0.001,28.88
cell,30,satisficer_5,Satisficer,post,,,0,0,0,0.001,28.88
cell,30,satisficer_6,Satisficer,post,,,0,0,0,0.001,28.88
cell,30,satisficer_7,Satisficer,post,,,0,0,0,0.001,28.88
cell,30,satisficer_8,Satisficer,post,,,0,0,0,0.001,28.88
cell,30,satisficer_9,Satisficer,post,,,0,0,0,0.001,28.88
cell,30,satisficer_10,Satisficer,post,,,0,0,0,0.001,28.88
cell,30,satisficer_11,Satisficer,post,,,0,0,0,0.001,28.88
cell,30,satisficer_12,Satisficer,post,,,0,0,0,0.001,28.88
cell,30,satisficer_13,Satisficer,post,,,0,0,0,0.001,28.88
cell,30,satisficer_14,Satisficer,post,,,0,0,0,0.001,28.88
cell,30,satisficer_15,Satisficer,post,,,0,0,0,0.001,28.88
cell,30,satisficer_16,Satisficer,post,,,0,0,0,0.001,28.88
cell,30,satisficer_17,Satisficer,post,,,0,0,0,0.001,28.88
cell,30,satisficer_18,Satisficer,post,,,0,0,0,0.001,28.88
cell,30,satisficer_19,Satisficer,post,,,0,0,0,0.001,28.88
cell,30,satisficer_20,Satisficer,post,,,0,0,0,0.001,28.88
cell,30,satisficer_21,Satisficer,post,,,0,0,0,0.001,28.88
cell,30,satisficer_22,Satisficer,post,,,0,0,0,0.001,28.88
cell,30,satisficer_23,Satisficer,post,,,0,0,0,0.001,28.88
cell,30,satisficer_24,Satisficer,post,,,0,0,0,0.001,28.88
cell,30,satisficer_25,Satisficer,post,,,0,0,0,0.001,28.88
cell,30,satisficer_26,Satisficer,post,,,0,0,0,0.001,28.88
cell,30,satisficer_27,Satisficer,post,,,0,0,0,0.001,28.88
cell,30,satisficer_28,Satisficer,post,,,0,0,0,0.001,28.88
cell,30,satisficer_29,Satisficer,post,,,0,0,0,0.001,28.88
cell,30,satisficer_30,Satisficer,post,,,0,0,0,0.001,28.88
cell,30,satisficer_31,Satisficer,post,,,0,0,0,0.001,28.88
cell,30,satisficer_32,Satisficer,post,,,0,0,0,0.001,28.88
cell,30,satisficer_33,Satisficer,post,,,0,0,0,0.001,28.88
cell,30,satisficer_34,Satisficer,post,,,0,0,0,0.001,28.88
cell,30,satisficer_35,Satisficer,post,,,0,0,0,0.001,28.88
cell,30,satisficer_36,Satisficer,post,,,0,0,0,0.001,28.88
cell,30,satisficer_37,Satisficer,post,,,0,0,0,0.001,28.88
cell,30,satisficer_38,Satisficer,post,,,0,0,0,0.001,28.88
cell,30,satisficer_39,Satisficer,post,,,0,0,0,0.001,28.88
cell,30,satisficer_40,Satisficer,post,,,0,0,0,0.001,28.88
cell,30,satisficer_41,Satisficer,post,,,0,0,0,0.001,28.88
cell,30,satisficer_42,Satisficer,post,,,0,0,0,0.001,28.88
cell,30,satisficer_43,Satisficer,post,,,0,0,0,0.001,28.88
cell,30,satisficer_44,Satisficer,post,,,0,0,0,0.001,28.88
cell,30,satisficer_45,Satisficer,post,,,0,0,0,0.001,28.88
cell,30,satisficer_46,Satisficer,post,,,0,0,0,0.001,28.88
cell,30,satisficer_47,Satisficer,post,,,0,0,0,0.001,28.88
cell,30,satisficer_48,Satisficer,post,,,0,0,0,0.001,28.88
cell,30,satisficer_49,Satisficer,post,,,0,0,0,0.001,28.88
cell,31,satisficer_0,Satisficer,post,,,0,0,0,0.001,28.88
cell,31,satisficer_1,Satisficer,post,,,0,0,0,0.001,28.88
cell,31,satisficer_2,Satisficer,post,,,0,0,0,0.001,28.88
cell,31,satisficer_3,Satisficer,post,,,0,0,0,0.001,28.88
cell,31,satisficer_4,Satisficer,post,,,0,0,0,0.001,28.88
cell,31,satisficer_5,Satisficer,post,,,0,0,0,0.001,28.88
cell,31,satisficer_6,Satisficer,post,,,0,0,0,0.001,28.88
cell,31,satisficer_7,Satisficer,post,,,0,0,0,0.001,28.88
cell,31,satisficer_8,Satisficer,post,,,0,0,0,0.001,28.88
cell,31,satisficer_9,Satisficer,post,,,0,0,0,0.001,28.88
cell,31,satisficer_10,Satisficer,post,,,0,0,0,0.001,28.88
cell,31,satisficer_11,Satisficer,post,,,0,0,0,0.001,28.88
cell,31,satisficer_12,Satisficer,post,,,0,0,0,0.001,28.88
cell,31,satisficer_13,Satisficer,post,,,0,0,0,0.001,28.88
cell,31,satisficer_14,Satisficer,post,,,0,0,0,0.001,28.88
cell,31,satisficer_15,Satisficer,post,,,0,0,0,0.001,28.88
cell,31,satisficer_16,Satisficer,post,,,0,0,0,0.001,28.88
cell,31,satisficer_17,Satisficer,post,,,0,0,0,0.001,28.88
cell,31,satisficer_18,Satisficer,post,,,0,0,0,0.001,28.88
cell,31,satisficer_19,Satisficer,post,,,0,0,0,0.001,28.88
cell,31,satisficer_20,Satisficer,post,,,0,0,0,0.001,28.88
cell,31,satisficer_21,Satisficer,post,,,0,0,0,0.001,28.88
cell,31,satisficer_22,Satisficer,post,,,0,0,0,0.001,28.88
cell,31,satisficer_23,Satisficer,post,,,0,0,0,0.001,28.88
cell,31,satisficer_24,Satisficer,post,,,0,0,0,0.001,28.88
cell,31,satisficer_25,Satisficer,post,,,0,0,0,0.001,28.88
cell,31,satisficer_26,Satisficer,post,,,0,0,0,0.001,28.88
cell,31,satisficer_27,Satisficer,post,,,0,0,0,0.001,28.88
cell,31,satisficer_28,Satisficer,post,,,0,0,0,0.001,28.88
cell,31,satisficer_29,Satisficer,post,,,0,0,0,0.001,28.88
cell,31,satisficer_30,Satisficer,post,,,0,0,0,0.001,28.88
cell,31,satisficer_31,Satisficer,post,,,0,0,0,0.001,28.88
cell,31,satisficer_32,Satisficer,post,,,0,0,0,0.001,28.88
cell,31,satisficer_33,Satisficer,post,,,0,0,0,0.001,28.88
cell,31,satisficer_34,Satisficer,post,,,0,0,0,0.001,28.88
cell,31,satisficer_35,Satisficer,post,,,0,0,0,0.001,28.88
cell,31,satisficer_36,Satisficer,post,,,0,0,0,0.001,28.88
cell,31,satisficer_37,Satisficer,post,,,0,0,0,0.001,28.88
cell,31,satisficer_38,Satisficer,post,,,0,0,0,0.001,28.88
cell,31,satisficer_39,Satisficer,post,,,0,0,0,0.001,28.88
cell,31,satisficer_40,Satisficer,post,,,0,0,0,0.001,28.88
cell,31,satisficer_41,Satisficer,post,,,0,0,0,0.001,28.88
cell,31,satisficer_42,Satisficer,post,,,0,0,0,0.001,28.88
cell,31,satisficer_43,Satisficer,post,,,0,0,0,0.001,28.88
cell,31,satisficer_44,Satisficer,post,,,0,0,0,0.001,28.88
cell,31,satisficer_45,Satisficer,post,,,0,0,0,0.001,28.88
cell,31,satisficer_46,Satisficer,post,,,0,0,0,0.001,28.88
cell,31,satisficer_47,Satisficer,post,,,0,0,0,0.001,28.88
cell,31,satisficer_48,Satisficer,post,,,0,0,0,0.001,28.88
cell,31,satisficer_49,Satisficer,post,,,0,0,0,0.001,28.88
cell,32,satisficer_0,Satisficer,post,,,0,0,0,0.001,28.88
cell,32,satisficer_1,Satisficer,post,,,0,0,0,0.001,28.88
cell,32,satisficer_2,Satisficer,post,,,0,0,0,0.001,28.88
cell,32,satisficer_3,Satisficer,post,,,0,0,0,0.001,28.88
cell,32,satisficer_4,Satisficer,post,,,0,0,0,0.001,28.88
cell,32,satisficer_5,Satisficer,post,,,0,0,0,0.001,28.88
cell,32,satisficer_6,Satisficer,post,,,0,0,0,0.001,28.88
cell,32,satisficer_7,Satisficer,post,,,0,0,0,0.001,28.88
cell,32,satisficer_8,Satisficer,post,,,0,0,0,0.001,28.88
cell,32,satisficer_9,Satisficer,post,,,0,0,0,0.001,28.88
cell,32,satisficer_10,Satisficer,post,,,0,0,0,0.001,28.88
cell,32,satisficer_11,Satisficer,post,,,0,0,0,0.001,28.88
cell,32,satisficer_12,Satisficer,post,,,0,0,0,0.001,28.88
cell,32,satisficer_13,Satisficer,post,,,0,0,0,0.001,28.88
cell,32,satisficer_14,Satisficer,post,,,0,0,0,0.001,28.88
cell,32,satisficer_15,Satisficer,post,,,0,0,0,0.001,28.88
cell,32,satisficer_16,Satisficer,post,,,0,0,0,0.001,28.88
cell,32,satisficer_17,Satisficer,post,,,0,0,0,0.001,28.88
cell,32,satisficer_18,Satisficer,post,,,0,0,0,0.001,28.88
cell,32,satisficer_19,Satisficer,post,,,0,0,0,0.001,28.88
cell,32,satisficer_20,Satisficer,post,,,0,0,0,0.001,28.88
cell,32,satisficer_21,Satisficer,post,,,0,0,0,0.001,28.88
cell,32,satisficer_22,Satisficer,post,,,0,0,0,0.001,28.88
cell,32,satisficer_23,Satisficer,post,,,0,0,0,0.001,28.88
cell,32,satisficer_24,Satisficer,post,,,0,0,0,0.001,28.88
cell,32,satisficer_25,Satisficer,post,,,0,0,0,0.001,28.88
cell,32,satisficer_26,Satisficer,post,,,0,0,0,0.001,28.88
cell,32,satisficer_27,Satisficer,post,,,0,0,0,0.001,28.88
cell,32,satisficer_28,Satisficer,post,,,0,0,0,0.001,28.88
cell,32,satisficer_29,Satisficer,post,,,0,0,0,0.001,28.88
cell,32,satisficer_30,Satisficer,post,,,0,0,0,0.001,28.88
cell,32,satisficer_31,Satisficer,post,,,0,0,0,0.001,28.88
cell,32,satisficer_32,Satisficer,post,,,0,0,0,0.001,28.88
cell,32,satisficer_33,Satisficer,post,,,0,0,0,0.001,28.88
cell,32,satisficer_34,Satisficer,post,,,0,0,0,0.001,28.88
cell,32,satisficer_35,Satisficer,post,,,0,0,0,0.001,28.88
cell,32,satisficer_36,Satisficer,post,,,0,0,0,0.001,28.88
cell,32,satisficer_37,Satisficer,post,,,0,0,0,0.001,28.88
cell,32,satisficer_38,Satisficer,post,,,0,0,0,0.001,28.88
cell,32,satisficer_39,Satisficer,post,,,0,0,0,0.001,28.88
cell,32,satisficer_40,Satisficer,post,,,0,0,0,0.001,28.88
cell,32,satisficer_41,Satisficer,post,,,0,0,0,0.001,28.88
cell,32,satisficer_42,Satisficer,post,,,0,0,0,0.001,28.88
cell,32,satisficer_43,Satisficer,post,,,0,0,0,0.001,28.88
cell,32,satisficer_44,Satisficer,post,,,0,0,0,0.001,28.88
cell,32,satisficer_45,Satisficer,post,,,0,0,0,0.001,28.88
cell,32,satisficer_46,Satisficer,post,,,0,0,0,0.001,28.88
cell,32,satisficer_47,Satisficer,post,,,0,0,0,0.001,28.88
cell,32,satisficer_48,Satisficer,post,,,0,0,0,0.001,28.88
cell,32,satisficer_49,Satisficer,post,,,0,0,0,0.001,28.88
cell,33,satisficer_0,Satisficer,post,,,0,0,0,0.001,28.88
cell,33,satisficer_1,Satisficer,post,,,0,0,0,0.001,28.88
cell,33,satisficer_2,Satisficer,post,,,0,0,0,0.001,28.88
cell,33,satisficer_3,Satisficer,post,,,0,0,0,0.001,28.88
cell,33,satisficer_4,Satisficer,post,,,0,0,0,0.001,28.88
cell,33,satisficer_5,Satisficer,post,,,0,0,0,0.001,28.88
cell,33,satisficer_6,Satisficer,post,,,0,0,0,0.001,28.88
cell,33,satisficer_7,Satisficer,post,,,0,0,0,0.001,28.88
cell,33,satisficer_8,Satisficer,post,,,0,0,0,0.001,28.88
cell,33,satisficer_9,Satisficer,post,,,0,0,0,0.001,28.88
cell,33,satisficer_10,Satisficer,post,,,0,0,0,0.001,28.88
cell,33,satisficer_11,Satisficer,post,,,0,0,0,0.001,28.88
cell,33,satisficer_12,Satisficer,post,,,0,0,0,0.001,28.88
cell,33,satisficer_13,Satisficer,post,,,0,0,0,0.002,28.88
cell,33,satisficer_14,Satisficer,post,,,0,0,0,0.001,28.88
cell,33,satisficer_15,Satisficer,post,,,0,0,0,0.001,28.88
cell,33,satisficer_16,Satisficer,post,,,0,0,0,0.001,28.88
cell,33,satisficer_17,Satisficer,post,,,0,0,0,0.001,28.88
cell,33,satisficer_18,Satisficer,post,,,0,0,0,0.001,28.88
cell,33,satisficer_19,Satisficer,post,,,0,0,0,0.001,28.88
cell,33,satisficer_20,Satisficer,post,,,0,0,0,0.001,28.88
cell,33,satisficer_21,Satisficer,post,,,0,0,0,0.001,28.88
cell,33,satisficer_22,Satisficer,post,,,0,0,0,0.001,28.88
cell,33,satisficer_23,Satisficer,post,,,0,0,0,0.001,28.88
cell,33,satisficer_24,Satisficer,post,,,0,0,0,0.001,28.88
cell,33,satisficer_25,Satisficer,post,,,0,0,0,0.001,28.88
cell,33,satisficer_26,Satisficer,post,,,0,0,0,0.001,28.88
cell,33,satisficer_27,Satisficer,post,,,0,0,0,0.001,28.88
cell,33,satisficer_28,Satisficer,post,,,0,0,0,0.001,28.88
cell,33,satisficer_29,Satisficer,post,,,0,0,0,0.001,28.88
cell,33,satisficer_30,Satisficer,post,,,0,0,0,0.001,28.88
cell,33,satisficer_31,Satisficer,post,,,0,0,0,0.001,28.88
cell,33,satisficer_32,Satisficer,post,,,0,0,0,0.001,28.88
cell,33,satisficer_33,Satisficer,post,,,0,0,0,0.001,28.88
cell,33,satisficer_34,Satisficer,post,,,0,0,0,0.001,28.88
cell,33,satisficer_35,Satisficer,post,,,0,0,0,0.001,28.88
cell,33,satisficer_36,Satisficer,post,,,0,0,0,0.001,28.88
cell,33,satisficer_37,Satisficer,post,,,0,0,0,0.001,28.88
cell,33,satisficer_38,Satisficer,post,,,0,0,0,0.001,28.88
cell,33,satisficer_39,Satisficer,post,,,0,0,0,0.001,28.88
cell,33,satisficer_40,Satisficer,post,,,0,0,0,0.001,28.88
cell,33,satisficer_41,Satisficer,post,,,0,0,0,0.001,28.88
cell,33,satisficer_42,Satisficer,post,,,0,0,0,0.001,28.88
cell,33,satisficer_43,Satisficer,post,,,0,0,0,0.001,28.88
cell,33,satisficer_44,Satisficer,post,,,0,0,0,0.001,28.88
cell,33,satisficer_45,Satisficer,post,,,0,0,0,0.001,28.88
cell,33,satisficer_46,Satisficer,post,,,0,0,0,0.001,28.88
cell,33,satisficer_47,Satisficer,post,,,0,0,0,0.001,28.88
cell,33,satisficer_48,Satisficer,post,,,0,0,0,0.001,28.88
cell,33,satisficer_49,Satisficer,post,,,0,0,0,0.001,28.88
cell,34,satisficer_0,Satisficer,post,,,0,0,0,0.001,28.88
cell,34,satisficer_1,Satisficer,post,,,0,0,0,0.001,28.88
cell,34,satisficer_2,Satisficer,post,,,0,0,0,0.001,28.88
cell,34,satisficer_3,Satisficer,post,,,0,0,0,0.001,28.88
cell,34,satisficer_4,Satisficer,post,,,0,0,0,0.001,28.88
cell,34,satisficer_5,Satisficer,post,,,0,0,0,0.001,28.88
cell,34,satisficer_6,Satisficer,post,,,0,0,0,0.001,28.88
