run_id,t,agent_id,agent_type,action_type,price_cperkwh,qty_kwh,offers_seen,solver_calls,learners_steps,wall_ms,mem_mb
cell,0,satisficer_0,Satisficer,post,,,0,0,0,0.003,50.64
cell,0,satisficer_1,Satisficer,post,,,0,0,0,0.002,50.64
cell,0,satisficer_2,Satisficer,post,,,0,0,0,0.001,50.64
cell,0,satisficer_3,Satisficer,post,,,0,0,0,0.002,50.64
cell,0,satisficer_4,Satisficer,post,,,0,0,0,0.001,50.64
cell,0,satisficer_5,Satisficer,post,,,0,0,0,0.001,50.64
cell,0,satisficer_6,Satisficer,post,,,0,0,0,0.001,50.64
cell,0,satisficer_7,Satisficer,post,,,0,0,0,0.002,50.64
cell,0,satisficer_8,Satisficer,post,,,0,0,0,0.001,50.64
cell,0,satisficer_9,Satisficer,post,,,0,0,0,0.001,50.64
cell,0,satisficer_10,Satisficer,post,,,0,0,0,0.001,50.64
cell,0,satisficer_11,Satisficer,post,,,0,0,0,0.002,50.64
cell,0,satisficer_12,Satisficer,post,,,0,0,0,0.001,50.64
cell,0,satisficer_13,Satisficer,post,,,0,0,0,0.001,50.64
cell,0,satisficer_14,Satisficer,post,,,0,0,0,0.001,50.64
cell,0,satisficer_15,Satisficer,post,,,0,0,0,0.001,50.64
cell,0,satisficer_16,Satisficer,post,,,0,0,0,0.001,50.64
cell,0,satisficer_17,Satisficer,post,,,0,0,0,0.001,50.64
cell,0,satisficer_18,Satisficer,post,,,0,0,0,0.001,50.64
cell,0,satisficer_19,Satisficer,post,,,0,0,0,0.215,50.64
cell,0,satisficer_20,Satisficer,post,,,0,0,0,0.001,50.64
cell,0,satisficer_21,Satisficer,post,,,0,0,0,0.001,50.64
cell,0,satisficer_22,Satisficer,post,,,0,0,0,0.001,50.64
cell,0,satisficer_23,Satisficer,post,,,0,0,0,0.001,50.64
cell,0,satisficer_24,Satisficer,post,,,0,0,0,0.001,50.64
cell,0,satisficer_25,Satisficer,post,,,0,0,0,0.001,50.64
cell,0,satisficer_26,Satisficer,post,,,0,0,0,0.001,50.64
cell,0,satisficer_27,Satisficer,post,,,0,0,0,0.001,50.64
cell,0,satisficer_28,Satisficer,post,,,0,0,0,0.001,50.64
cell,0,satisficer_29,Satisficer,post,,,0,0,0,0.001,50.64
cell,0,satisficer_30,Satisficer,post,,,0,0,0,0.001,50.64
cell,0,satisficer_31,Satisficer,post,,,0,0,0,0.001,50.64
cell,0,satisficer_32,Satisficer,post,,,0,0,0,0.001,50.64
cell,0,satisficer_33,Satisficer,post,,,0,0,0,0.001,50.64
cell,0,satisficer_34,Satisficer,post,,,0,0,0,0.001,50.64
cell,0,satisficer_35,Satisficer,post,,,0,0,0,0.001,50.64
cell,0,satisficer_36,Satisficer,post,,,0,0,0,0.001,50.64
cell,0,satisficer_37,Satisficer,post,,,0,0,0,0.001,50.64
cell,0,satisficer_38,Satisficer,post,,,0,0,0,0.001,50.64
cell,0,satisficer_39,Satisficer,post,,,0,0,0,0.001,50.64
cell,0,satisficer_40,Satisficer,post,,,0,0,0,0.002,50.64
cell,0,satisficer_41,Satisficer,post,,,0,0,0,0.001,50.64
cell,0,satisficer_42,Satisficer,post,,,0,0,0,0.001,50.64
cell,0,satisficer_43,Satisficer,post,,,0,0,0,0.002,50.64
cell,0,satisficer_44,Satisficer,post,,,0,0,0,0.001,50.64
cell,0,satisficer_45,Satisficer,post,,,0,0,0,0.001,50.64
cell,0,satisficer_46,Satisficer,post,,,0,0,0,0.001,50.64
cell,0,satisficer_47,Satisficer,post,,,0,0,0,0.001,50.64
cell,0,satisficer_48,Satisficer,post,,,0,0,0,0.001,50.64
cell,0,satisficer_49,Satisficer,post,,,0,0,0,0.001,50.64
cell,0,satisficer_50,Satisficer,post,,,0,0,0,0.001,50.64
cell,0,satisficer_51,Satisficer,post,,,0,0,0,0.001,50.64
cell,0,satisficer_52,Satisficer,post,,,0,0,0,0.001,50.64
cell,0,satisficer_53,Satisficer,post,,,0,0,0,0.001,50.64
cell,0,satisficer_54,Satisficer,post,,,0,0,0,0.001,50.64
cell,0,satisficer_55,Satisficer,post,,,0,0,0,0.002,50.64
cell,0,satisficer_56,Satisficer,post,,,0,0,0,0.001,50.64
cell,0,satisficer_57,Satisficer,post,,,0,0,0,0.001,50.64
cell,0,satisficer_58,Satisficer,post,,,0,0,0,0.001,50.64
cell,0,satisficer_59,Satisficer,post,,,0,0,0,0.001,50.64
cell,0,satisficer_60,Satisficer,post,,,0,0,0,0.001,50.64
cell,0,satisficer_61,Satisficer,post,,,0,0,0,0.002,50.64
cell,0,satisficer_62,Satisficer,post,,,0,0,0,0.001,50.64
cell,0,satisficer_63,Satisficer,post,,,0,0,0,0.002,50.64
cell,0,satisficer_64,Satisficer,post,,,0,0,0,0.001,50.64
cell,0,satisficer_65,Satisficer,post,,,0,0,0,0.002,50.64
cell,0,satisficer_66,Satisficer,post,,,0,0,0,0.001,50.64
cell,0,satisficer_67,Satisficer,post,,,0,0,0,0.002,50.64
cell,0,satisficer_68,Satisficer,post,,,0,0,0,0.001,50.64
cell,0,satisficer_69,Satisficer,post,,,0,0,0,0.001,50.64
cell,0,satisficer_70,Satisficer,post,,,0,0,0,0.002,50.64
cell,0,satisficer_71,Satisficer,post,,,0,0,0,0.001,50.64
cell,0,satisficer_72,Satisficer,post,,,0,0,0,0.001,50.64
cell,0,satisficer_73,Satisficer,post,,,0,0,0,0.001,50.64
cell,0,satisficer_74,Satisficer,post,,,0,0,0,0.001,50.64
cell,0,satisficer_75,Satisficer,post,,,0,0,0,0.001,50.64
cell,0,satisficer_76,Satisficer,post,,,0,0,0,0.001,50.64
cell,0,satisficer_77,Satisficer,post,,,0,0,0,0.001,50.64
cell,0,satisficer_78,Satisficer,post,,,0,0,0,0.001,50.64
cell,0,satisficer_79,Satisficer,post,,,0,0,0,0.001,50.64
cell,0,satisficer_80,Satisficer,post,,,0,0,0,0.001,50.64
cell,0,satisficer_81,Satisficer,post,,,0,0,0,0.001,50.64
cell,0,satisficer_82,Satisficer,post,,,0,0,0,0.001,50.64
cell,0,satisficer_83,Satisficer,post,,,0,0,0,0.002,50.64
cell,0,satisficer_84,Satisficer,post,,,0,0,0,0.001,50.64
cell,0,satisficer_85,Satisficer,post,,,0,0,0,0.002,50.64
cell,0,satisficer_86,Satisficer,post,,,0,0,0,0.001,50.64
cell,0,satisficer_87,Satisficer,post,,,0,0,0,0.001,50.64
cell,0,satisficer_88,Satisficer,post,,,0,0,0,0.002,50.64
cell,0,satisficer_89,Satisficer,post,,,0,0,0,0.002,50.64
cell,0,satisficer_90,Satisficer,post,,,0,0,0,0.001,50.64
cell,0,satisficer_91,Satisficer,post,,,0,0,0,0.001,50.64
cell,0,satisficer_92,Satisficer,post,,,0,0,0,0.001,50.64
cell,0,satisficer_93,Satisficer,post,,,0,0,0,0.001,50.64
cell,0,satisficer_94,Satisficer,post,,,0,0,0,0.001,50.64
cell,0,satisficer_95,Satisficer,post,,,0,0,0,0.001,50.64
cell,0,satisficer_96,Satisficer,post,,,0,0,0,0.002,50.64
cell,0,satisficer_97,Satisficer,post,,,0,0,0,0.001,50.64
cell,0,satisficer_98,Satisficer,post,,,0,0,0,0.001,50.64
cell,0,satisficer_99,Satisficer,post,,,0,0,0,0.001,50.64
cell,0,satisficer_100,Satisficer,post,,,0,0,0,0.001,50.64
cell,0,satisficer_101,Satisficer,post,,,0,0,0,0.001,50.64
cell,0,satisficer_102,Satisficer,post,,,0,0,0,0.002,50.64
cell,0,satisficer_103,Satisficer,post,,,0,0,0,0.001,50.64
cell,0,satisficer_104,Satisficer,post,,,0,0,0,0.001,50.64
cell,0,satisficer_105,Satisficer,post,,,0,0,0,0.002,50.64
cell,0,satisficer_106,Satisficer,post,,,0,0,0,0.001,50.64
cell,0,satisficer_107,Satisficer,post,,,0,0,0,0.001,50.64
cell,0,satisficer_108,Satisficer,post,,,0,0,0,0.001,50.64
cell,0,satisficer_109,Satisficer,post,,,0,0,0,0.001,50.64
cell,0,satisficer_110,Satisficer,post,,,0,0,0,0.001,50.64
cell,0,satisficer_111,Satisficer,post,,,0,0,0,0.001,50.64
cell,0,satisficer_112,Satisficer,post,,,0,0,0,0.001,50.64
cell,0,satisficer_113,Satisficer,post,,,0,0,0,0.001,50.64
cell,0,satisficer_114,Satisficer,post,,,0,0,0,0.001,50.64
cell,0,satisficer_115,Satisficer,post,,,0,0,0,0.001,50.64
cell,0,satisficer_116,Satisficer,post,,,0,0,0,0.001,50.64
cell,0,satisficer_117,Satisficer,post,,,0,0,0,0.001,50.64
cell,0,satisficer_118,Satisficer,post,,,0,0,0,0.001,50.64
cell,0,satisficer_119,Satisficer,post,,,0,0,0,0.001,50.64
cell,0,satisficer_120,Satisficer,post,,,0,0,0,0.001,50.64
cell,0,satisficer_121,Satisficer,post,,,0,0,0,0.001,50.64
cell,0,satisficer_122,Satisficer,post,,,0,0,0,0.001,50.64
cell,0,satisficer_123,Satisficer,post,,,0,0,0,0.001,50.64
cell,0,satisficer_124,Satisficer,post,,,0,0,0,0.001,50.64
cell,0,satisficer_125,Satisficer,post,,,0,0,0,0.001,50.64
cell,0,satisficer_126,Satisficer,post,,,0,0,0,0.001,50.64
cell,0,satisficer_127,Satisficer,post,,,0,0,0,0.001,50.64
cell,0,satisficer_128,Satisficer,post,,,0,0,0,0.001,50.64
cell,0,satisficer_129,Satisficer,post,,,0,0,0,0.001,50.64
cell,0,satisficer_130,Satisficer,post,,,0,0,0,0.001,50.64
cell,0,satisficer_131,Satisficer,post,,,0,0,0,0.001,50.64
cell,0,satisficer_132,Satisficer,post,,,0,0,0,0.001,50.64
cell,0,satisficer_133,Satisficer,post,,,0,0,0,0.001,50.64
cell,0,satisficer_134,Satisficer,post,,,0,0,0,0.001,50.64
cell,0,satisficer_135,Satisficer,post,,,0,0,0,0.001,50.64
cell,0,satisficer_136,Satisficer,post,,,0,0,0,0.001,50.64
cell,0,satisficer_137,Satisficer,post,,,0,0,0,0.001,50.64
cell,0,satisficer_138,Satisficer,post,,,0,0,0,0.001,50.64
cell,0,satisficer_139,Satisficer,post,,,0,0,0,0.001,50.64
cell,0,satisficer_140,Satisficer,post,,,0,0,0,0.001,50.64
cell,0,satisficer_141,Satisficer,post,,,0,0,0,0.001,50.64
cell,0,satisficer_142,Satisficer,post,,,0,0,0,0.001,50.64
cell,0,satisficer_143,Satisficer,post,,,0,0,0,0.001,50.64
cell,0,satisficer_144,Satisficer,post,,,0,0,0,0.001,50.64
cell,0,satisficer_145,Satisficer,post,,,0,0,0,0.001,50.64
cell,0,satisficer_146,Satisficer,post,,,0,0,0,0.001,50.64
cell,0,satisficer_147,Satisficer,post,,,0,0,0,0.001,50.64
cell,0,satisficer_148,Satisficer,post,,,0,0,0,0.001,50.64
cell,0,satisficer_149,Satisficer,post,,,0,0,0,0.001,50.64
cell,0,satisficer_150,Satisficer,post,,,0,0,0,0.001,50.64
cell,0,satisficer_151,Satisficer,post,,,0,0,0,0.001,50.64
cell,0,satisficer_152,Satisficer,post,,,0,0,0,0.001,50.64
cell,0,satisficer_153,Satisficer,post,,,0,0,0,0.001,50.64
cell,0,satisficer_154,Satisficer,post,,,0,0,0,0.001,50.64
cell,0,satisficer_155,Satisficer,post,,,0,0,0,0.001,50.64
cell,0,satisficer_156,Satisficer,post,,,0,0,0,0.001,50.64
cell,0,satisficer_157,Satisficer,post,,,0,0,0,0.001,50.64
cell,0,satisficer_158,Satisficer,post,,,0,0,0,0.001,50.64
cell,0,satisficer_159,Satisficer,post,,,0,0,0,0.001,50.64
cell,0,satisficer_160,Satisficer,post,,,0,0,0,0.001,50.64
cell,0,satisficer_161,Satisficer,post,,,0,0,0,0.001,50.64
cell,0,satisficer_162,Satisficer,post,,,0,0,0,0.001,50.64
cell,0,satisficer_163,Satisficer,post,,,0,0,0,0.001,50.64
cell,0,satisficer_164,Satisficer,post,,,0,0,0,0.001,50.64
cell,0,satisficer_165,Satisficer,post,,,0,0,0,0.001,50.64
cell,0,satisficer_166,Satisficer,post,,,0,0,0,0.001,50.64
cell,0,satisficer_167,Satisficer,post,,,0,0,0,0.001,50.64
cell,0,satisficer_168,Satisficer,post,,,0,0,0,0.001,50.64
cell,0,satisficer_169,Satisficer,post,,,0,0,0,0.001,50.64
cell,0,satisficer_170,Satisficer,post,,,0,0,0,0.001,50.64
cell,0,satisficer_171,Satisficer,post,,,0,0,0,0.001,50.64
cell,0,satisficer_172,Satisficer,post,,,0,0,0,0.001,50.64
cell,0,satisficer_173,Satisficer,post,,,0,0,0,0.001,50.64
cell,0,satisficer_174,Satisficer,post,,,0,0,0,0.001,50.64
cell,0,satisficer_175,Satisficer,post,,,0,0,0,0.001,50.64
cell,0,satisficer_176,Satisficer,post,,,0,0,0,0.001,50.64
cell,0,satisficer_177,Satisficer,post,,,0,0,0,0.001,50.64
cell,0,satisficer_178,Satisficer,post,,,0,0,0,0.001,50.64
cell,0,satisficer_179,Satisficer,post,,,0,0,0,0.001,50.64
cell,0,satisficer_180,Satisficer,post,,,0,0,0,0.001,50.64
cell,0,satisficer_181,Satisficer,post,,,0,0,0,0.001,50.64
cell,0,satisficer_182,Satisficer,post,,,0,0,0,0.001,50.64
cell,0,satisficer_183,Satisficer,post,,,0,0,0,0.001,50.64
cell,0,satisficer_184,Satisficer,post,,,0,0,0,0.001,50.64
cell,0,satisficer_185,Satisficer,post,,,0,0,0,0.001,50.64
cell,0,satisficer_186,Satisficer,post,,,0,0,0,0.001,50.64
cell,0,satisficer_187,Satisficer,post,,,0,0,0,0.001,50.64
cell,0,satisficer_188,Satisficer,post,,,0,0,0,0.001,50.64
cell,0,satisficer_189,Satisficer,post,,,0,0,0,0.001,50.64
cell,0,satisficer_190,Satisficer,post,,,0,0,0,0.001,50.64
cell,0,satisficer_191,Satisficer,post,,,0,0,0,0.001,50.64
cell,0,satisficer_192,Satisficer,post,,,0,0,0,0.001,50.64
cell,0,satisficer_193,Satisficer,post,,,0,0,0,0.001,50.64
cell,0,satisficer_194,Satisficer,post,,,0,0,0,0.001,50.64
cell,0,satisficer_195,Satisficer,post,,,0,0,0,0.001,50.64
cell,0,satisficer_196,Satisficer,post,,,0,0,0,0.001,50.64
cell,0,satisficer_197,Satisficer,post,,,0,0,0,0.001,50.64
cell,0,satisficer_198,Satisficer,post,,,0,0,0,0.001,50.64
cell,0,satisficer_199,Satisficer,post,,,0,0,0,0.001,50.64
cell,1,satisficer_0,Satisficer,post,,,0,0,0,0.001,50.66
cell,1,satisficer_1,Satisficer,post,,,0,0,0,0.001,50.66
cell,1,satisficer_2,Satisficer,post,,,0,0,0,0.001,50.66
cell,1,satisficer_3,Satisficer,post,,,0,0,0,0.001,50.66
cell,1,satisficer_4,Satisficer,post,,,0,0,0,0.001,50.66
cell,1,satisficer_5,Satisficer,post,,,0,0,0,0.001,50.66
cell,1,satisficer_6,Satisficer,post,,,0,0,0,0.001,50.66
cell,1,satisficer_7,Satisficer,post,,,0,0,0,0.001,50.66
cell,1,satisficer_8,Satisficer,post,,,0,0,0,0.001,50.66
cell,1,satisficer_9,Satisficer,post,,,0,0,0,0.001,50.66
cell,1,satisficer_10,Satisficer,post,,,0,0,0,0.001,50.66
cell,1,satisficer_11,Satisficer,post,,,0,0,0,0.001,50.66
cell,1,satisficer_12,Satisficer,post,,,0,0,0,0.001,50.66
cell,1,satisficer_13,Satisficer,post,,,0,0,0,0.001,50.66
cell,1,satisficer_14,Satisficer,post,,,0,0,0,0.001,50.66
cell,1,satisficer_15,Satisficer,post,,,0,0,0,0.001,50.66
cell,1,satisficer_16,Satisficer,post,,,0,0,0,0.001,50.66
cell,1,satisficer_17,Satisficer,post,,,0,0,0,0.001,50.66
cell,1,satisficer_18,Satisficer,post,,,0,0,0,0.001,50.66
cell,1,satisficer_19,Satisficer,post,,,0,0,0,0.001,50.66
cell,1,satisficer_20,Satisficer,post,,,0,0,0,0.001,50.66
cell,1,satisficer_21,Satisficer,post,,,0,0,0,0.001,50.66
cell,1,satisficer_22,Satisficer,post,,,0,0,0,0.001,50.66
cell,1,satisficer_23,Satisficer,post,,,0,0,0,0.001,50.66
cell,1,satisficer_24,Satisficer,post,,,0,0,0,0.001,50.66
cell,1,satisficer_25,Satisficer,post,,,0,0,0,0.001,50.66
cell,1,satisficer_26,Satisficer,post,,,0,0,0,0.001,50.66
cell,1,satisficer_27,Satisficer,post,,,0,0,0,0.001,50.66
cell,1,satisficer_28,Satisficer,post,,,0,0,0,0.001,50.66
cell,1,satisficer_29,Satisficer,post,,,0,0,0,0.001,50.66
cell,1,satisficer_30,Satisficer,post,,,0,0,0,0.001,50.66
cell,1,satisficer_31,Satisficer,post,,,0,0,0,0.001,50.66
cell,1,satisficer_32,Satisficer,post,,,0,0,0,0.001,50.66
cell,1,satisficer_33,Satisficer,post,,,0,0,0,0.001,50.66
cell,1,satisficer_34,Satisficer,post,,,0,0,0,0.001,50.66
cell,1,satisficer_35,Satisficer,post,,,0,0,0,0.001,50.66
cell,1,satisficer_36,Satisficer,post,,,0,0,0,0.001,50.66
cell,1,satisficer_37,Satisficer,post,,,0,0,0,0.001,50.66
cell,1,satisficer_38,Satisficer,post,,,0,0,0,0.001,50.66
cell,1,satisficer_39,Satisficer,post,,,0,0,0,0.001,50.66
cell,1,satisficer_40,Satisficer,post,,,0,0,0,0.001,50.66
cell,1,satisficer_41,Satisficer,post,,,0,0,0,0.001,50.66
cell,1,satisficer_42,Satisficer,post,,,0,0,0,0.001,50.66
cell,1,satisficer_43,Satisficer,post,,,0,0,0,0.001,50.66
cell,1,satisficer_44,Satisficer,post,,,0,0,0,0.001,50.66
cell,1,satisficer_45,Satisficer,post,,,0,0,0,0.001,50.66
cell,1,satisficer_46,Satisficer,post,,,0,0,0,0.001,50.66
cell,1,satisficer_47,Satisficer,post,,,0,0,0,0.001,50.66
cell,1,satisficer_48,Satisficer,post,,,0,0,0,0.001,50.66
cell,1,satisficer_49,Satisficer,post,,,0,0,0,0.001,50.66
cell,1,satisficer_50,Satisficer,post,,,0,0,0,0.001,50.66
cell,1,satisficer_51,Satisficer,post,,,0,0,0,0.027,50.66
cell,1,satisficer_52,Satisficer,post,,,0,0,0,0.001,50.66
cell,1,satisficer_53,Satisficer,post,,,0,0,0,0.001,50.66
cell,1,satisficer_54,Satisficer,post,,,0,0,0,0.001,50.66
cell,1,satisficer_55,Satisficer,post,,,0,0,0,0.001,50.66
cell,1,satisficer_56,Satisficer,post,,,0,0,0,0.001,50.66
cell,1,satisficer_57,Satisficer,post,,,0,0,0,0.001,50.66
cell,1,satisficer_58,Satisficer,post,,,0,0,0,0.001,50.66
cell,1,satisficer_59,Satisficer,post,,,0,0,0,0.001,50.66
cell,1,satisficer_60,Satisficer,post,,,0,0,0,0.001,50.66
cell,1,satisficer_61,Satisficer,post,,,0,0,0,0.001,50.66
cell,1,satisficer_62,Satisficer,post,,,0,0,0,0.001,50.66
cell,1,satisficer_63,Satisficer,post,,,0,0,0,0.001,50.66
cell,1,satisficer_64,Satisficer,post,,,0,0,0,0.001,50.66
cell,1,satisficer_65,Satisficer,post,,,0,0,0,0.001,50.66
cell,1,satisficer_66,Satisficer,post,,,0,0,0,0.001,50.66
cell,1,satisficer_67,Satisficer,post,,,0,0,0,0.001,50.66
cell,1,satisficer_68,Satisficer,post,,,0,0,0,0.001,50.66
cell,1,satisficer_69,Satisficer,post,,,0,0,0,0.001,50.66
cell,1,satisficer_70,Satisficer,post,,,0,0,0,0.001,50.66
cell,1,satisficer_71,Satisficer,post,,,0,0,0,0.007,50.66
cell,1,satisficer_72,Satisficer,post,,,0,0,0,0.001,50.66
cell,1,satisficer_73,Satisficer,post,,,0,0,0,0.001,50.66
cell,1,satisficer_74,Satisficer,post,,,0,0,0,0.001,50.66
cell,1,satisficer_75,Satisficer,post,,,0,0,0,0.001,50.66
cell,1,satisficer_76,Satisficer,post,,,0,0,0,0.001,50.66
cell,1,satisficer_77,Satisficer,post,,,0,0,0,0.001,50.66
cell,1,satisficer_78,Satisficer,post,,,0,0,0,0.001,50.66
cell,1,satisficer_79,Satisficer,post,,,0,0,0,0.001,50.66
cell,1,satisficer_80,Satisficer,post,,,0,0,0,0.001,50.66
cell,1,satisficer_81,Satisficer,post,,,0,0,0,0.001,50.66
cell,1,satisficer_82,Satisficer,post,,,0,0,0,0.001,50.66
cell,1,satisficer_83,Satisficer,post,,,0,0,0,0.001,50.66
cell,1,satisficer_84,Satisficer,post,,,0,0,0,0.001,50.66
cell,1,satisficer_85,Satisficer,post,,,0,0,0,0.001,50.66
cell,1,satisficer_86,Satisficer,post,,,0,0,0,0.001,50.66
cell,1,satisficer_87,Satisficer,post,,,0,0,0,0.001,50.66
cell,1,satisficer_88,Satisficer,post,,,0,0,0,0.001,50.66
cell,1,satisficer_89,Satisficer,post,,,0,0,0,0.001,50.66
cell,1,satisficer_90,Satisficer,post,,,0,0,0,0.001,50.66
cell,1,satisficer_91,Satisficer,post,,,0,0,0,0.001,50.66
cell,1,satisficer_92,Satisficer,post,,,0,0,0,0.001,50.66
cell,1,satisficer_93,Satisficer,post,,,0,0,0,0.001,50.66
cell,1,satisficer_94,Satisficer,post,,,0,0,0,0.001,50.66
cell,1,satisficer_95,Satisficer,post,,,0,0,0,0.001,50.66
cell,1,satisficer_96,Satisficer,post,,,0,0,0,0.001,50.66
cell,1,satisficer_97,Satisficer,post,,,0,0,0,0.001,50.66
cell,1,satisficer_98,Satisficer,post,,,0,0,0,0.001,50.66
cell,1,satisficer_99,Satisficer,post,,,0,0,0,0.001,50.66
cell,1,satisficer_100,Satisficer,post,,,0,0,0,0.001,50.66
cell,1,satisficer_101,Satisficer,post,,,0,0,0,0.001,50.66
cell,1,satisficer_102,Satisficer,post,,,0,0,0,0.001,50.66
cell,1,satisficer_103,Satisficer,post,,,0,0,0,0.001,50.66
cell,1,satisficer_104,Satisficer,post,,,0,0,0,0.001,50.66
cell,1,satisficer_105,Satisficer,post,,,0,0,0,0.001,50.66
cell,1,satisficer_106,Satisficer,post,,,0,0,0,0.001,50.66
cell,1,satisficer_107,Satisficer,post,,,0,0,0,0.001,50.66
cell,1,satisficer_108,Satisficer,post,,,0,0,0,0.001,50.66
cell,1,satisficer_109,Satisficer,post,,,0,0,0,0.001,50.66
cell,1,satisficer_110,Satisficer,post,,,0,0,0,0.001,50.66
cell,1,satisficer_111,Satisficer,post,,,0,0,0,0.002,50.66
cell,1,satisficer_112,Satisficer,post,,,0,0,0,0.001,50.66
cell,1,satisficer_113,Satisficer,post,,,0,0,0,0.001,50.66
cell,1,satisficer_114,Satisficer,post,,,0,0,0,0.001,50.66
cell,1,satisficer_115,Satisficer,post,,,0,0,0,0.001,50.66
cell,1,satisficer_116,Satisficer,post,,,0,0,0,0.001,50.66
cell,1,satisficer_117,Satisficer,post,,,0,0,0,0.002,50.66
cell,1,satisficer_118,Satisficer,post,,,0,0,0,0.001,50.66
cell,1,satisficer_119,Satisficer,post,,,0,0,0,0.001,50.66
cell,1,satisficer_120,Satisficer,post,,,0,0,0,0.001,50.66
cell,1,satisficer_121,Satisficer,post,,,0,0,0,0.001,50.66
cell,1,satisficer_122,Satisficer,post,,,0,0,0,0.001,50.66
cell,1,satisficer_123,Satisficer,post,,,0,0,0,0.001,50.66
cell,1,satisficer_124,Satisficer,post,,,0,0,0,0.001,50.66
cell,1,satisficer_125,Satisficer,post,,,0,0,0,0.001,50.66
cell,1,satisficer_126,Satisficer,post,,,0,0,0,0.001,50.66
cell,1,satisficer_127,Satisficer,post,,,0,0,0,0.001,50.66
cell,1,satisficer_128,Satisficer,post,,,0,0,0,0.001,50.66
cell,1,satisficer_129,Satisficer,post,,,0,0,0,0.001,50.66
cell,1,satisficer_130,Satisficer,post,,,0,0,0,0.001,50.66
cell,1,satisficer_131,Satisficer,post,,,0,0,0,0.001,50.66
cell,1,satisficer_132,Satisficer,post,,,0,0,0,0.001,50.66
cell,1,satisficer_133,Satisficer,post,,,0,0,0,0.001,50.66
cell,1,satisficer_134,Satisficer,post,,,0,0,0,0.001,50.66
cell,1,satisficer_135,Satisficer,post,,,0,0,0,0.001,50.66
cell,1,satisficer_136,Satisficer,post,,,0,0,0,0.001,50.66
cell,1,satisficer_137,Satisficer,post,,,0,0,0,0.001,50.66
cell,1,satisficer_138,Satisficer,post,,,0,0,0,0.001,50.66
cell,1,satisficer_139,Satisficer,post,,,0,0,0,0.001,50.66
cell,1,satisficer_140,Satisficer,post,,,0,0,0,0.001,50.66
cell,1,satisficer_141,Satisficer,post,,,0,0,0,0.001,50.66
cell,1,satisficer_142,Satisficer,post,,,0,0,0,0.001,50.66
cell,1,satisficer_143,Satisficer,post,,,0,0,0,0.001,50.66
cell,1,satisficer_144,Satisficer,post,,,0,0,0,0.001,50.66
cell,1,satisficer_145,Satisficer,post,,,0,0,0,0.001,50.66
cell,1,satisficer_146,Satisficer,post,,,0,0,0,0.001,50.66
cell,1,satisficer_147,Satisficer,post,,,0,0,0,0.001,50.66
cell,1,satisficer_148,Satisficer,post,,,0,0,0,0.001,50.66
cell,1,satisficer_149,Satisficer,post,,,0,0,0,0.001,50.66
cell,1,satisficer_150,Satisficer,post,,,0,0,0,0.001,50.66
cell,1,satisficer_151,Satisficer,post,,,0,0,0,0.001,50.66
cell,1,satisficer_152,Satisficer,post,,,0,0,0,0.001,50.66
cell,1,satisficer_153,Satisficer,post,,,0,0,0,0.001,50.66
cell,1,satisficer_154,Satisficer,post,,,0,0,0,0.001,50.66
cell,1,satisficer_155,Satisficer,post,,,0,0,0,0.001,50.66
cell,1,satisficer_156,Satisficer,post,,,0,0,0,0.001,50.66
cell,1,satisficer_157,Satisficer,post,,,0,0,0,0.001,50.66
cell,1,satisficer_158,Satisficer,post,,,0,0,0,0.001,50.66
cell,1,satisficer_159,Satisficer,post,,,0,0,0,0.001,50.66
cell,1,satisficer_160,Satisficer,post,,,0,0,0,0.001,50.66
cell,1,satisficer_161,Satisficer,post,,,0,0,0,0.001,50.66
cell,1,satisficer_162,Satisficer,post,,,0,0,0,0.001,50.66
cell,1,satisficer_163,Satisficer,post,,,0,0,0,0.001,50.66
cell,1,satisficer_164,Satisficer,post,,,0,0,0,0.001,50.66
cell,1,satisficer_165,Satisficer,post,,,0,0,0,0.001,50.66
cell,1,satisficer_166,Satisficer,post,,,0,0,0,0.001,50.66
cell,1,satisficer_167,Satisficer,post,,,0,0,0,0.001,50.66
cell,1,satisficer_168,Satisficer,post,,,0,0,0,0.001,50.66
cell,1,satisficer_169,Satisficer,post,,,0,0,0,0.001,50.66
cell,1,satisficer_170,Satisficer,post,,,0,0,0,0.001,50.66
cell,1,satisficer_171,Satisficer,post,,,0,0,0,0.001,50.66
cell,1,satisficer_172,Satisficer,post,,,0,0,0,0.001,50.66
cell,1,satisficer_173,Satisficer,post,,,0,0,0,0.001,50.66
cell,1,satisficer_174,Satisficer,post,,,0,0,0,0.001,50.66
cell,1,satisficer_175,Satisficer,post,,,0,0,0,0.001,50.66
cell,1,satisficer_176,Satisficer,post,,,0,0,0,0.001,50.66
cell,1,satisficer_177,Satisficer,post,,,0,0,0,0.001,50.66
cell,1,satisficer_178,Satisficer,post,,,0,0,0,0.001,50.66
cell,1,satisficer_179,Satisficer,post,,,0,0,0,0.001,50.66
cell,1,satisficer_180,Satisficer,post,,,0,0,0,0.001,50.66
cell,1,satisficer_181,Satisficer,post,,,0,0,0,0.001,50.66
cell,1,satisficer_182,Satisficer,post,,,0,0,0,0.001,50.66
cell,1,satisficer_183,Satisficer,post,,,0,0,0,0.001,50.66
cell,1,satisficer_184,Satisficer,post,,,0,0,0,0.001,50.66
cell,1,satisficer_185,Satisficer,post,,,0,0,0,0.001,50.66
cell,1,satisficer_186,Satisficer,post,,,0,0,0,0.001,50.66
cell,1,satisficer_187,Satisficer,post,,,0,0,0,0.001,50.66
cell,1,satisficer_188,Satisficer,post,,,0,0,0,0.001,50.66
cell,1,satisficer_189,Satisficer,post,,,0,0,0,0.001,50.66
cell,1,satisficer_190,Satisficer,post,,,0,0,0,0.001,50.66
cell,1,satisficer_191,Satisficer,post,,,0,0,0,0.001,50.66
cell,1,satisficer_192,Satisficer,post,,,0,0,0,0.001,50.66
cell,1,satisficer_193,Satisficer,post,,,0,0,0,0.001,50.66
cell,1,satisficer_194,Satisficer,post,,,0,0,0,0.001,50.66
cell,1,satisficer_195,Satisficer,post,,,0,0,0,0.001,50.66
cell,1,satisficer_196,Satisficer,post,,,0,0,0,0.001,50.66
cell,1,satisficer_197,Satisficer,post,,,0,0,0,0.001,50.66
cell,1,satisficer_198,Satisficer,post,,,0,0,0,0.001,50.66
cell,1,satisficer_199,Satisficer,post,,,0,0,0,0.001,50.66
cell,2,satisficer_0,Satisficer,post,,,0,0,0,0.001,50.67
cell,2,satisficer_1,Satisficer,post,,,0,0,0,0.001,50.67
cell,2,satisficer_2,Satisficer,post,,,0,0,0,0.001,50.67
cell,2,satisficer_3,Satisficer,post,,,0,0,0,0.001,50.67
cell,2,satisficer_4,Satisficer,post,,,0,0,0,0.001,50.67
cell,2,satisficer_5,Satisficer,post,,,0,0,0,0.001,50.67
cell,2,satisficer_6,Satisficer,post,,,0,0,0,0.002,50.67
cell,2,satisficer_7,Satisficer,post,,,0,0,0,0.001,50.67
cell,2,satisficer_8,Satisficer,post,,,0,0,0,0.001,50.67
cell,2,satisficer_9,Satisficer,post,,,0,0,0,0.001,50.67
cell,2,satisficer_10,Satisficer,post,,,0,0,0,0.001,50.67
cell,2,satisficer_11,Satisficer,post,,,0,0,0,0.001,50.67
cell,2,satisficer_12,Satisficer,post,,,0,0,0,0.002,50.67
cell,2,satisficer_13,Satisficer,post,,,0,0,0,0.001,50.67
cell,2,satisficer_14,Satisficer,post,,,0,0,0,0.001,50.67
cell,2,satisficer_15,Satisficer,post,,,0,0,0,0.001,50.67
cell,2,satisficer_16,Satisficer,post,,,0,0,0,0.001,50.67
cell,2,satisficer_17,Satisficer,post,,,0,0,0,0.001,50.67
cell,2,satisficer_18,Satisficer,post,,,0,0,0,0.001,50.67
cell,2,satisficer_19,Satisficer,post,,,0,0,0,0.001,50.67
cell,2,satisficer_20,Satisficer,post,,,0,0,0,0.001,50.67
cell,2,satisficer_21,Satisficer,post,,,0,0,0,0.002,50.67
cell,2,satisficer_22,Satisficer,post,,,0,0,0,0.001,50.67
cell,2,satisficer_23,Satisficer,post,,,0,0,0,0.001,50.67
cell,2,satisficer_24,Satisficer,post,,,0,0,0,0.001,50.67
cell,2,satisficer_25,Satisficer,post,,,0,0,0,0.001,50.67
cell,2,satisficer_26,Satisficer,post,,,0,0,0,0.001,50.67
cell,2,satisficer_27,Satisficer,post,,,0,0,0,0.002,50.67
cell,2,satisficer_28,Satisficer,post,,,0,0,0,0.001,50.67
cell,2,satisficer_29,Satisficer,post,,,0,0,0,0.001,50.67
cell,2,satisficer_30,Satisficer,post,,,0,0,0,0.001,50.67
cell,2,satisficer_31,Satisficer,post,,,0,0,0,0.001,50.67
cell,2,satisficer_32,Satisficer,post,,,0,0,0,0.001,50.67
cell,2,satisficer_33,Satisficer,post,,,0,0,0,0.001,50.67
cell,2,satisficer_34,Satisficer,post,,,0,0,0,0.001,50.67
cell,2,satisficer_35,Satisficer,post,,,0,0,0,0.001,50.67
cell,2,satisficer_36,Satisficer,post,,,0,0,0,0.001,50.67
cell,2,satisficer_37,Satisficer,post,,,0,0,0,0.001,50.67
cell,2,satisficer_38,Satisficer,post,,,0,0,0,0.001,50.67
cell,2,satisficer_39,Satisficer,post,,,0,0,0,0.001,50.67
cell,2,satisficer_40,Satisficer,post,,,0,0,0,0.001,50.67
cell,2,satisficer_41,Satisficer,post,,,0,0,0,0.001,50.67
cell,2,satisficer_42,Satisficer,post,,,0,0,0,0.001,50.67
cell,2,satisficer_43,Satisficer,post,,,0,0,0,0.001,50.67
cell,2,satisficer_44,Satisficer,post,,,0,0,0,0.001,50.67
cell,2,satisficer_45,Satisficer,post,,,0,0,0,0.002,50.67
cell,2,satisficer_46,Satisficer,post,,,0,0,0,0.001,50.67
cell,2,satisficer_47,Satisficer,post,,,0,0,0,0.002,50.67
cell,2,satisficer_48,Satisficer,post,,,0,0,0,0.002,50.67
cell,2,satisficer_49,Satisficer,post,,,0,0,0,0.001,50.67
cell,2,satisficer_50,Satisficer,post,,,0,0,0,0.001,50.67
cell,2,satisficer_51,Satisficer,post,,,0,0,0,0.002,50.67
cell,2,satisficer_52,Satisficer,post,,,0,0,0,0.001,50.67
cell,2,satisficer_53,Satisficer,post,,,0,0,0,0.001,50.67
cell,2,satisficer_54,Satisficer,post,,,0,0,0,0.002,50.67
cell,2,satisficer_55,Satisficer,post,,,0,0,0,0.001,50.67
cell,2,satisficer_56,Satisficer,post,,,0,0,0,0.001,50.67
cell,2,satisficer_57,Satisficer,post,,,0,0,0,0.001,50.67
cell,2,satisficer_58,Satisficer,post,,,0,0,0,0.001,50.67
cell,2,satisficer_59,Satisficer,post,,,0,0,0,0.001,50.67
cell,2,satisficer_60,Satisficer,post,,,0,0,0,0.002,50.67
cell,2,satisficer_61,Satisficer,post,,,0,0,0,0.001,50.67
cell,2,satisficer_62,Satisficer,post,,,0,0,0,0.002,50.67
cell,2,satisficer_63,Satisficer,post,,,0,0,0,0.001,50.67
cell,2,satisficer_64,Satisficer,post,,,0,0,0,0.001,50.67
cell,2,satisficer_65,Satisficer,post,,,0,0,0,0.001,50.67
cell,2,satisficer_66,Satisficer,post,,,0,0,0,0.001,50.67
cell,2,satisficer_67,Satisficer,post,,,0,0,0,0.001,50.67
cell,2,satisficer_68,Satisficer,post,,,0,0,0,0.001,50.67
cell,2,satisficer_69,Satisficer,post,,,0,0,0,0.001,50.67
cell,2,satisficer_70,Satisficer,post,,,0,0,0,0.001,50.67
cell,2,satisficer_71,Satisficer,post,,,0,0,0,0.001,50.67
cell,2,satisficer_72,Satisficer,post,,,0,0,0,0.002,50.67
cell,2,satisficer_73,Satisficer,post,,,0,0,0,0.001,50.67
cell,2,satisficer_74,Satisficer,post,,,0,0,0,0.002,50.67
cell,2,satisficer_75,Satisficer,post,,,0,0,0,0.001,50.67
cell,2,satisficer_76,Satisficer,post,,,0,0,0,0.001,50.67
cell,2,satisficer_77,Satisficer,post,,,0,0,0,0.001,50.67
cell,2,satisficer_78,Satisficer,post,,,0,0,0,0.001,50.67
cell,2,satisficer_79,Satisficer,post,,,0,0,0,0.001,50.67
cell,2,satisficer_80,Satisficer,post,,,0,0,0,0.001,50.67
cell,2,satisficer_81,Satisficer,post,,,0,0,0,0.001,50.67
cell,2,satisficer_82,Satisficer,post,,,0,0,0,0.002,50.67
cell,2,satisficer_83,Satisficer,post,,,0,0,0,0.001,50.67
cell,2,satisficer_84,Satisficer,post,,,0,0,0,0.001,50.67
cell,2,satisficer_85,Satisficer,post,,,0,0,0,0.001,50.67
cell,2,satisficer_86,Satisficer,post,,,0,0,0,0.001,50.67
cell,2,satisficer_87,Satisficer,post,,,0,0,0,0.002,50.67
cell,2,satisficer_88,Satisficer,post,,,0,0,0,0.001,50.67
cell,2,satisficer_89,Satisficer,post,,,0,0,0,0.001,50.67
cell,2,satisficer_90,Satisficer,post,,,0,0,0,0.001,50.67
cell,2,satisficer_91,Satisficer,post,,,0,0,0,0.001,50.67
cell,2,satisficer_92,Satisficer,post,,,0,0,0,0.001,50.67
cell,2,satisficer_93,Satisficer,post,,,0,0,0,0.001,50.67
cell,2,satisficer_94,Satisficer,post,,,0,0,0,0.001,50.67
cell,2,satisficer_95,Satisficer,post,,,0,0,0,0.002,50.67
cell,2,satisficer_96,Satisficer,post,,,0,0,0,0.001,50.67
cell,2,satisficer_97,Satisficer,post,,,0,0,0,0.002,50.67
cell,2,satisficer_98,Satisficer,post,,,0,0,0,0.002,50.67
cell,2,satisficer_99,Satisficer,post,,,0,0,0,0.001,50.67
cell,2,satisficer_100,Satisficer,post,,,0,0,0,0.040,50.67
cell,2,satisficer_101,Satisficer,post,,,0,0,0,0.001,50.67
cell,2,satisficer_102,Satisficer,post,,,0,0,0,0.001,50.67
cell,2,satisficer_103,Satisficer,post,,,0,0,0,0.001,50.67
cell,2,satisficer_104,Satisficer,post,,,0,0,0,0.001,50.67
cell,2,satisficer_105,Satisficer,post,,,0,0,0,0.002,50.67
cell,2,satisficer_106,Satisficer,post,,,0,0,0,0.001,50.67
cell,2,satisficer_107,Satisficer,post,,,0,0,0,0.001,50.67
cell,2,satisficer_108,Satisficer,post,,,0,0,0,0.002,50.67
cell,2,satisficer_109,Satisficer,post,,,0,0,0,0.001,50.67
cell,2,satisficer_110,Satisficer,post,,,0,0,0,0.001,50.67
cell,2,satisficer_111,Satisficer,post,,,0,0,0,0.001,50.67
cell,2,satisficer_112,Satisficer,post,,,0,0,0,0.001,50.67
cell,2,satisficer_113,Satisficer,post,,,0,0,0,0.001,50.67
cell,2,satisficer_114,Satisficer,post,,,0,0,0,0.001,50.67
cell,2,satisficer_115,Satisficer,post,,,0,0,0,0.001,50.67
cell,2,satisficer_116,Satisficer,post,,,0,0,0,0.001,50.67
cell,2,satisficer_117,Satisficer,post,,,0,0,0,0.001,50.67
cell,2,satisficer_118,Satisficer,post,,,0,0,0,0.001,50.67
cell,2,satisficer_119,Satisficer,post,,,0,0,0,0.001,50.67
cell,2,satisficer_120,Satisficer,post,,,0,0,0,0.001,50.67
cell,2,satisficer_121,Satisficer,post,,,0,0,0,0.001,50.67
cell,2,satisficer_122,Satisficer,post,,,0,0,0,0.001,50.67
cell,2,satisficer_123,Satisficer,post,,,0,0,0,0.001,50.67
cell,2,satisficer_124,Satisficer,post,,,0,0,0,0.001,50.67
cell,2,satisficer_125,Satisficer,post,,,0,0,0,0.001,50.67
cell,2,satisficer_126,Satisficer,post,,,0,0,0,0.001,50.67
cell,2,satisficer_127,Satisficer,post,,,0,0,0,0.001,50.67
cell,2,satisficer_128,Satisficer,post,,,0,0,0,0.001,50.67
cell,2,satisficer_129,Satisficer,post,,,0,0,0,0.001,50.67
cell,2,satisficer_130,Satisficer,post,,,0,0,0,0.001,50.67
cell,2,satisficer_131,Satisficer,post,,,0,0,0,0.001,50.67
cell,2,satisficer_132,Satisficer,post,,,0,0,0,0.001,50.67
cell,2,satisficer_133,Satisficer,post,,,0,0,0,0.001,50.67
cell,2,satisficer_134,Satisficer,post,,,0,0,0,0.001,50.67
cell,2,satisficer_135,Satisficer,post,,,0,0,0,0.001,50.67
cell,2,satisficer_136,Satisficer,post,,,0,0,0,0.001,50.67
cell,2,satisficer_137,Satisficer,post,,,0,0,0,0.001,50.67
cell,2,satisficer_138,Satisficer,post,,,0,0,0,0.001,50.67
cell,2,satisficer_139,Satisficer,post,,,0,0,0,0.001,50.67
cell,2,satisficer_140,Satisficer,post,,,0,0,0,0.001,50.67
cell,2,satisficer_141,Satisficer,post,,,0,0,0,0.001,50.67
cell,2,satisficer_142,Satisficer,post,,,0,0,0,0.001,50.67
cell,2,satisficer_143,Satisficer,post,,,0,0,0,0.001,50.67
cell,2,satisficer_144,Satisficer,post,,,0,0,0,0.001,50.67
cell,2,satisficer_145,Satisficer,post,,,0,0,0,0.001,50.67
cell,2,satisficer_146,Satisficer,post,,,0,0,0,0.001,50.67
cell,2,satisficer_147,Satisficer,post,,,0,0,0,0.001,50.67
cell,2,satisficer_148,Satisficer,post,,,0,0,0,0.001,50.67
cell,2,satisficer_149,Satisficer,post,,,0,0,0,0.001,50.67
cell,2,satisficer_150,Satisficer,post,,,0,0,0,0.001,50.67
cell,2,satisficer_151,Satisficer,post,,,0,0,0,0.001,50.67
cell,2,satisficer_152,Satisficer,post,,,0,0,0,0.001,50.67
cell,2,satisficer_153,Satisficer,post,,,0,0,0,0.001,50.67
cell,2,satisficer_154,Satisficer,post,,,0,0,0,0.001,50.67
cell,2,satisficer_155,Satisficer,post,,,0,0,0,0.001,50.67
cell,2,satisficer_156,Satisficer,post,,,0,0,0,0.002,50.67
cell,2,satisficer_157,Satisficer,post,,,0,0,0,0.001,50.67
cell,2,satisficer_158,Satisficer,post,,,0,0,0,0.001,50.67
cell,2,satisficer_159,Satisficer,post,,,0,0,0,0.001,50.67
cell,2,satisficer_160,Satisficer,post,,,0,0,0,0.001,50.67
cell,2,satisficer_161,Satisficer,post,,,0,0,0,0.001,50.67
cell,2,satisficer_162,Satisficer,post,,,0,0,0,0.001,50.67
cell,2,satisficer_163,Satisficer,post,,,0,0,0,0.001,50.67
cell,2,satisficer_164,Satisficer,post,,,0,0,0,0.001,50.67
cell,2,satisficer_165,Satisficer,post,,,0,0,0,0.001,50.67
cell,2,satisficer_166,Satisficer,post,,,0,0,0,0.001,50.67
cell,2,satisficer_167,Satisficer,post,,,0,0,0,0.001,50.67
cell,2,satisficer_168,Satisficer,post,,,0,0,0,0.001,50.67
cell,2,satisficer_169,Satisficer,post,,,0,0,0,0.001,50.67
cell,2,satisficer_170,Satisficer,post,,,0,0,0,0.001,50.67
cell,2,satisficer_171,Satisficer,post,,,0,0,0,0.001,50.67
cell,2,satisficer_172,Satisficer,post,,,0,0,0,0.001,50.67
cell,2,satisficer_173,Satisficer,post,,,0,0,0,0.001,50.67
cell,2,satisficer_174,Satisficer,post,,,0,0,0,0.001,50.67
cell,2,satisficer_175,Satisficer,post,,,0,0,0,0.001,50.67
cell,2,satisficer_176,Satisficer,post,,,0,0,0,0.001,50.67
cell,2,satisficer_177,Satisficer,post,,,0,0,0,0.001,50.67
cell,2,satisficer_178,Satisficer,post,,,0,0,0,0.001,50.67
cell,2,satisficer_179,Satisficer,post,,,0,0,0,0.001,50.67
cell,2,satisficer_180,Satisficer,post,,,0,0,0,0.001,50.67
cell,2,satisficer_181,Satisficer,post,,,0,0,0,0.001,50.67
cell,2,satisficer_182,Satisficer,post,,,0,0,0,0.001,50.67
cell,2,satisficer_183,Satisficer,post,,,0,0,0,0.001,50.67
cell,2,satisficer_184,Satisficer,post,,,0,0,0,0.001,50.67
cell,2,satisficer_185,Satisficer,post,,,0,0,0,0.001,50.67
cell,2,satisficer_186,Satisficer,post,,,0,0,0,0.001,50.67
cell,2,satisficer_187,Satisficer,post,,,0,0,0,0.001,50.67
cell,2,satisficer_188,Satisficer,post,,,0,0,0,0.001,50.67
cell,2,satisficer_189,Satisficer,post,,,0,0,0,0.001,50.67
cell,2,satisficer_190,Satisficer,post,,,0,0,0,0.001,50.67
cell,2,satisficer_191,Satisficer,post,,,0,0,0,0.001,50.67
cell,2,satisficer_192,Satisficer,post,,,0,0,0,0.001,50.67
cell,2,satisficer_193,Satisficer,post,,,0,0,0,0.001,50.67
cell,2,satisficer_194,Satisficer,post,,,0,0,0,0.001,50.67
cell,2,satisficer_195,Satisficer,post,,,0,0,0,0.001,50.67
cell,2,satisficer_196,Satisficer,post,,,0,0,0,0.001,50.67
cell,2,satisficer_197,Satisficer,post,,,0,0,0,0.001,50.67
cell,2,satisficer_198,Satisficer,post,,,0,0,0,0.001,50.67
cell,2,satisficer_199,Satisficer,post,,,0,0,0,0.001,50.67
cell,3,satisficer_0,Satisficer,post,,,0,0,0,0.001,50.69
cell,3,satisficer_1,Satisficer,post,,,0,0,0,0.001,50.69
cell,3,satisficer_2,Satisficer,post,,,0,0,0,0.001,50.69
cell,3,satisficer_3,Satisficer,post,,,0,0,0,0.001,50.69
cell,3,satisficer_4,Satisficer,post,,,0,0,0,0.001,50.69
cell,3,satisficer_5,Satisficer,post,,,0,0,0,0.001,50.69
cell,3,satisficer_6,Satisficer,post,,,0,0,0,0.001,50.69
cell,3,satisficer_7,Satisficer,post,,,0,0,0,0.001,50.69
cell,3,satisficer_8,Satisficer,post,,,0,0,0,0.001,50.69
cell,3,satisficer_9,Satisficer,post,,,0,0,0,0.001,50.69
cell,3,satisficer_10,Satisficer,post,,,0,0,0,0.001,50.69
cell,3,satisficer_11,Satisficer,post,,,0,0,0,0.001,50.69
cell,3,satisficer_12,Satisficer,post,,,0,0,0,0.001,50.69
cell,3,satisficer_13,Satisficer,post,,,0,0,0,0.001,50.69
cell,3,satisficer_14,Satisficer,post,,,0,0,0,0.001,50.69
cell,3,satisficer_15,Satisficer,post,,,0,0,0,0.001,50.69
cell,3,satisficer_16,Satisficer,post,,,0,0,0,0.001,50.69
cell,3,satisficer_17,Satisficer,post,,,0,0,0,0.001,50.69
cell,3,satisficer_18,Satisficer,post,,,0,0,0,0.001,50.69
cell,3,satisficer_19,Satisficer,post,,,0,0,0,0.001,50.69
cell,3,satisficer_20,Satisficer,post,,,0,0,0,0.001,50.69
cell,3,satisficer_21,Satisficer,post,,,0,0,0,0.001,50.69
cell,3,satisficer_22,Satisficer,post,,,0,0,0,0.001,50.69
cell,3,satisficer_23,Satisficer,post,,,0,0,0,0.001,50.69
cell,3,satisficer_24,Satisficer,post,,,0,0,0,0.001,50.69
cell,3,satisficer_25,Satisficer,post,,,0,0,0,0.001,50.69
cell,3,satisficer_26,Satisficer,post,,,0,0,0,0.001,50.69
cell,3,satisficer_27,Satisficer,post,,,0,0,0,0.001,50.69
cell,3,satisficer_28,Satisficer,post,,,0,0,0,0.001,50.69
cell,3,satisficer_29,Satisficer,post,,,0,0,0,0.001,50.69
cell,3,satisficer_30,Satisficer,post,,,0,0,0,0.001,50.69
cell,3,satisficer_31,Satisficer,post,,,0,0,0,0.001,50.69
cell,3,satisficer_32,Satisficer,post,,,0,0,0,0.001,50.69
cell,3,satisficer_33,Satisficer,post,,,0,0,0,0.001,50.69
cell,3,satisficer_34,Satisficer,post,,,0,0,0,0.002,50.69
cell,3,satisficer_35,Satisficer,post,,,0,0,0,0.001,50.69
cell,3,satisficer_36,Satisficer,post,,,0,0,0,0.001,50.69
cell,3,satisficer_37,Satisficer,post,,,0,0,0,0.001,50.69
cell,3,satisficer_38,Satisficer,post,,,0,0,0,0.002,50.69
cell,3,satisficer_39,Satisficer,post,,,0,0,0,0.001,50.69
cell,3,satisficer_40,Satisficer,post,,,0,0,0,0.002,50.69
cell,3,satisficer_41,Satisficer,post,,,0,0,0,0.001,50.69
cell,3,satisficer_42,Satisficer,post,,,0,0,0,0.001,50.69
cell,3,satisficer_43,Satisficer,post,,,0,0,0,0.001,50.69
cell,3,satisficer_44,Satisficer,post,,,0,0,0,0.654,50.69
cell,3,satisficer_45,Satisficer,post,,,0,0,0,0.001,50.69
cell,3,satisficer_46,Satisficer,post,,,0,0,0,0.001,50.69
cell,3,satisficer_47,Satisficer,post,,,0,0,0,0.001,50.69
cell,3,satisficer_48,Satisficer,post,,,0,0,0,0.001,50.69
cell,3,satisficer_49,Satisficer,post,,,0,0,0,0.001,50.69
cell,3,satisficer_50,Satisficer,post,,,0,0,0,0.001,50.69
cell,3,satisficer_51,Satisficer,post,,,0,0,0,0.001,50.69
cell,3,satisficer_52,Satisficer,post,,,0,0,0,0.001,50.69
cell,3,satisficer_53,Satisficer,post,,,0,0,0,0.001,50.69
cell,3,satisficer_54,Satisficer,post,,,0,0,0,0.001,50.69
cell,3,satisficer_55,Satisficer,post,,,0,0,0,0.001,50.69
cell,3,satisficer_56,Satisficer,post,,,0,0,0,0.001,50.69
cell,3,satisficer_57,Satisficer,post,,,0,0,0,0.001,50.69
cell,3,satisficer_58,Satisficer,post,,,0,0,0,0.001,50.69
cell,3,satisficer_59,Satisficer,post,,,0,0,0,0.001,50.69
cell,3,satisficer_60,Satisficer,post,,,0,0,0,0.001,50.69
cell,3,satisficer_61,Satisficer,post,,,0,0,0,0.001,50.69
cell,3,satisficer_62,Satisficer,post,,,0,0,0,0.001,50.69
cell,3,satisficer_63,Satisficer,post,,,0,0,0,0.001,50.69
cell,3,satisficer_64,Satisficer,post,,,0,0,0,0.001,50.69
cell,3,satisficer_65,Satisficer,post,,,0,0,0,0.001,50.69
cell,3,satisficer_66,Satisficer,post,,,0,0,0,0.001,50.69
cell,3,satisficer_67,Satisficer,post,,,0,0,0,0.001,50.69
cell,3,satisficer_68,Satisficer,post,,,0,0,0,0.001,50.69
cell,3,satisficer_69,Satisficer,post,,,0,0,0,0.001,50.69
cell,3,satisficer_70,Satisficer,post,,,0,0,0,0.001,50.69
cell,3,satisficer_71,Satisficer,post,,,0,0,0,0.001,50.69
cell,3,satisficer_72,Satisficer,post,,,0,0,0,0.001,50.69
cell,3,satisficer_73,Satisficer,post,,,0,0,0,0.001,50.69
cell,3,satisficer_74,Satisficer,post,,,0,0,0,0.001,50.69
cell,3,satisficer_75,Satisficer,post,,,0,0,0,0.001,50.69
cell,3,satisficer_76,Satisficer,post,,,0,0,0,0.001,50.69
cell,3,satisficer_77,Satisficer,post,,,0,0,0,0.001,50.69
cell,3,satisficer_78,Satisficer,post,,,0,0,0,0.001,50.69
cell,3,satisficer_79,Satisficer,post,,,0,0,0,0.001,50.69
cell,3,satisficer_80,Satisficer,post,,,0,0,0,0.001,50.69
cell,3,satisficer_81,Satisficer,post,,,0,0,0,0.001,50.69
cell,3,satisficer_82,Satisficer,post,,,0,0,0,0.001,50.69
cell,3,satisficer_83,Satisficer,post,,,0,0,0,0.001,50.69
cell,3,satisficer_84,Satisficer,post,,,0,0,0,0.001,50.69
cell,3,satisficer_85,Satisficer,post,,,0,0,0,0.001,50.69
cell,3,satisficer_86,Satisficer,post,,,0,0,0,0.001,50.69
cell,3,satisficer_87,Satisficer,post,,,0,0,0,0.001,50.69
cell,3,satisficer_88,Satisficer,post,,,0,0,0,0.001,50.69
cell,3,satisficer_89,Satisficer,post,,,0,0,0,0.001,50.69
cell,3,satisficer_90,Satisficer,post,,,0,0,0,0.001,50.69
cell,3,satisficer_91,Satisficer,post,,,0,0,0,0.001,50.69
cell,3,satisficer_92,Satisficer,post,,,0,0,0,0.001,50.69
cell,3,satisficer_93,Satisficer,post,,,0,0,0,0.001,50.69
cell,3,satisficer_94,Satisficer,post,,,0,0,0,0.001,50.69
cell,3,satisficer_95,Satisficer,post,,,0,0,0,0.001,50.69
cell,3,satisficer_96,Satisficer,post,,,0,0,0,0.001,50.69
cell,3,satisficer_97,Satisficer,post,,,0,0,0,0.001,50.69
cell,3,satisficer_98,Satisficer,post,,,0,0,0,0.001,50.69
cell,3,satisficer_99,Satisficer,post,,,0,0,0,0.001,50.69
cell,3,satisficer_100,Satisficer,post,,,0,0,0,0.001,50.69
cell,3,satisficer_101,Satisficer,post,,,0,0,0,0.001,50.69
cell,3,satisficer_102,Satisficer,post,,,0,0,0,0.001,50.69
cell,3,satisficer_103,Satisficer,post,,,0,0,0,0.001,50.69
cell,3,satisficer_104,Satisficer,post,,,0,0,0,0.001,50.69
cell,3,satisficer_105,Satisficer,post,,,0,0,0,0.001,50.69
cell,3,satisficer_106,Satisficer,post,,,0,0,0,0.001,50.69
cell,3,satisficer_107,Satisficer,post,,,0,0,0,0.001,50.69
cell,3,satisficer_108,Satisficer,post,,,0,0,0,0.001,50.69
cell,3,satisficer_109,Satisficer,post,,,0,0,0,0.001,50.69
cell,3,satisficer_110,Satisficer,post,,,0,0,0,0.001,50.69
cell,3,satisficer_111,Satisficer,post,,,0,0,0,0.001,50.69
cell,3,satisficer_112,Satisficer,post,,,0,0,0,0.001,50.69
cell,3,satisficer_113,Satisficer,post,,,0,0,0,0.001,50.69
cell,3,satisficer_114,Satisficer,post,,,0,0,0,0.001,50.69
cell,3,satisficer_115,Satisficer,post,,,0,0,0,0.001,50.69
cell,3,satisficer_116,Satisficer,post,,,0,0,0,0.001,50.69
cell,3,satisficer_117,Satisficer,post,,,0,0,0,0.001,50.69
cell,3,satisficer_118,Satisficer,post,,,0,0,0,0.001,50.69
cell,3,satisficer_119,Satisficer,post,,,0,0,0,0.001,50.69
cell,3,satisficer_120,Satisficer,post,,,0,0,0,0.001,50.69
cell,3,satisficer_121,Satisficer,post,,,0,0,0,0.001,50.69
cell,3,satisficer_122,Satisficer,post,,,0,0,0,0.001,50.69
cell,3,satisficer_123,Satisficer,post,,,0,0,0,0.001,50.69
cell,3,satisficer_124,Satisficer,post,,,0,0,0,0.001,50.69
cell,3,satisficer_125,Satisficer,post,,,0,0,0,0.001,50.69
cell,3,satisficer_126,Satisficer,post,,,0,0,0,0.001,50.69
cell,3,satisficer_127,Satisficer,post,,,0,0,0,0.001,50.69
cell,3,satisficer_128,Satisficer,post,,,0,0,0,0.001,50.69
cell,3,satisficer_129,Satisficer,post,,,0,0,0,0.001,50.69
cell,3,satisficer_130,Satisficer,post,,,0,0,0,0.001,50.69
cell,3,satisficer_131,Satisficer,post,,,0,0,0,0.001,50.69
cell,3,satisficer_132,Satisficer,post,,,0,0,0,0.001,50.69
cell,3,satisficer_133,Satisficer,post,,,0,0,0,0.001,50.69
cell,3,satisficer_134,Satisficer,post,,,0,0,0,0.001,50.69
cell,3,satisficer_135,Satisficer,post,,,0,0,0,0.001,50.69
cell,3,satisficer_136,Satisficer,post,,,0,0,0,0.001,50.69
cell,3,satisficer_137,Satisficer,post,,,0,0,0,0.001,50.69
cell,3,satisficer_138,Satisficer,post,,,0,0,0,0.001,50.69
cell,3,satisficer_139,Satisficer,post,,,0,0,0,0.001,50.69
cell,3,satisficer_140,Satisficer,post,,,0,0,0,0.001,50.69
cell,3,satisficer_141,Satisficer,post,,,0,0,0,0.001,50.69
cell,3,satisficer_142,Satisficer,post,,,0,0,0,0.001,50.69
cell,3,satisficer_143,Satisficer,post,,,0,0,0,0.001,50.69
cell,3,satisficer_144,Satisficer,post,,,0,0,0,0.001,50.69
cell,3,satisficer_145,Satisficer,post,,,0,0,0,0.001,50.69
cell,3,satisficer_146,Satisficer,post,,,0,0,0,0.001,50.69
cell,3,satisficer_147,Satisficer,post,,,0,0,0,0.001,50.69
cell,3,satisficer_148,Satisficer,post,,,0,0,0,0.001,50.69
cell,3,satisficer_149,Satisficer,post,,,0,0,0,0.001,50.69
cell,3,satisficer_150,Satisficer,post,,,0,0,0,0.001,50.69
cell,3,satisficer_151,Satisficer,post,,,0,0,0,0.001,50.69
cell,3,satisficer_152,Satisficer,post,,,0,0,0,0.001,50.69
cell,3,satisficer_153,Satisficer,post,,,0,0,0,0.001,50.69
cell,3,satisficer_154,Satisficer,post,,,0,0,0,0.001,50.69
cell,3,satisficer_155,Satisficer,post,,,0,0,0,0.001,50.69
cell,3,satisficer_156,Satisficer,post,,,0,0,0,0.001,50.69
cell,3,satisficer_157,Satisficer,post,,,0,0,0,0.001,50.69
cell,3,satisficer_158,Satisficer,post,,,0,0,0,0.001,50.69
cell,3,satisficer_159,Satisficer,post,,,0,0,0,0.001,50.69
cell,3,satisficer_160,Satisficer,post,,,0,0,0,0.001,50.69
cell,3,satisficer_161,Satisficer,post,,,0,0,0,0.001,50.69
cell,3,satisficer_162,Satisficer,post,,,0,0,0,0.001,50.69
cell,3,satisficer_163,Satisficer,post,,,0,0,0,0.001,50.69
cell,3,satisficer_164,Satisficer,post,,,0,0,0,0.001,50.69
cell,3,satisficer_165,Satisficer,post,,,0,0,0,0.001,50.69
cell,3,satisficer_166,Satisficer,post,,,0,0,0,0.001,50.69
cell,3,satisficer_167,Satisficer,post,,,0,0,0,0.001,50.69
cell,3,satisficer_168,Satisficer,post,,,0,0,0,0.001,50.69
cell,3,satisficer_169,Satisficer,post,,,0,0,0,0.001,50.69
cell,3,satisficer_170,Satisficer,post,,,0,0,0,0.001,50.69
cell,3,satisficer_171,Satisficer,post,,,0,0,0,0.001,50.69
cell,3,satisficer_172,Satisficer,post,,,0,0,0,0.001,50.69
cell,3,satisficer_173,Satisficer,post,,,0,0,0,0.001,50.69
cell,3,satisficer_174,Satisficer,post,,,0,0,0,0.001,50.69
cell,3,satisficer_175,Satisficer,post,,,0,0,0,0.001,50.69
cell,3,satisficer_176,Satisficer,post,,,0,0,0,0.001,50.69
cell,3,satisficer_177,Satisficer,post,,,0,0,0,0.002,50.69
cell,3,satisficer_178,Satisficer,post,,,0,0,0,0.001,50.69
cell,3,satisficer_179,Satisficer,post,,,0,0,0,0.001,50.69
cell,3,satisficer_180,Satisficer,post,,,0,0,0,0.001,50.69
cell,3,satisficer_181,Satisficer,post,,,0,0,0,0.001,50.69
cell,3,satisficer_182,Satisficer,post,,,0,0,0,0.001,50.69
cell,3,satisficer_183,Satisficer,post,,,0,0,0,0.001,50.69
cell,3,satisficer_184,Satisficer,post,,,0,0,0,0.001,50.69
cell,3,satisficer_185,Satisficer,post,,,0,0,0,0.001,50.69
cell,3,satisficer_186,Satisficer,post,,,0,0,0,0.001,50.69
cell,3,satisficer_187,Satisficer,post,,,0,0,0,0.001,50.69
cell,3,satisficer_188,Satisficer,post,,,0,0,0,0.001,50.69
cell,3,satisficer_189,Satisficer,post,,,0,0,0,0.001,50.69
cell,3,satisficer_190,Satisficer,post,,,0,0,0,0.001,50.69
cell,3,satisficer_191,Satisficer,post,,,0,0,0,0.001,50.69
cell,3,satisficer_192,Satisficer,post,,,0,0,0,0.001,50.69
cell,3,satisficer_193,Satisficer,post,,,0,0,0,0.001,50.69
cell,3,satisficer_194,Satisficer,post,,,0,0,0,0.001,50.69
cell,3,satisficer_195,Satisficer,post,,,0,0,0,0.001,50.69
cell,3,satisficer_196,Satisficer,post,,,0,0,0,0.001,50.69
cell,3,satisficer_197,Satisficer,post,,,0,0,0,0.001,50.69
cell,3,satisficer_198,Satisficer,post,,,0,0,0,0.001,50.69
cell,3,satisficer_199,Satisficer,post,,,0,0,0,0.001,50.69
cell,4,satisficer_0,Satisficer,post,,,0,0,0,0.001,50.70
cell,4,satisficer_1,Satisficer,post,,,0,0,0,0.001,50.70
cell,4,satisficer_2,Satisficer,post,,,0,0,0,0.001,50.70
cell,4,satisficer_3,Satisficer,post,,,0,0,0,0.001,50.70
cell,4,satisficer_4,Satisficer,post,,,0,0,0,0.001,50.70
cell,4,satisficer_5,Satisficer,post,,,0,0,0,0.001,50.70
cell,4,satisficer_6,Satisficer,post,,,0,0,0,0.001,50.70
cell,4,satisficer_7,Satisficer,post,,,0,0,0,0.001,50.70
cell,4,satisficer_8,Satisficer,post,,,0,0,0,0.001,50.70
cell,4,satisficer_9,Satisficer,post,,,0,0,0,0.001,50.70
cell,4,satisficer_10,Satisficer,post,,,0,0,0,0.001,50.70
cell,4,satisficer_11,Satisficer,post,,,0,0,0,0.001,50.70
cell,4,satisficer_12,Satisficer,post,,,0,0,0,0.001,50.70
cell,4,satisficer_13,Satisficer,post,,,0,0,0,0.001,50.70
cell,4,satisficer_14,Satisficer,post,,,0,0,0,0.001,50.70
cell,4,satisficer_15,Satisficer,post,,,0,0,0,0.001,50.70
cell,4,satisficer_16,Satisficer,post,,,0,0,0,0.001,50.70
cell,4,satisficer_17,Satisficer,post,,,0,0,0,0.001,50.70
cell,4,satisficer_18,Satisficer,post,,,0,0,0,0.001,50.70
cell,4,satisficer_19,Satisficer,post,,,0,0,0,0.001,50.70
cell,4,satisficer_20,Satisficer,post,,,0,0,0,0.001,50.70
cell,4,satisficer_21,Satisficer,post,,,0,0,0,0.001,50.70
cell,4,satisficer_22,Satisficer,post,,,0,0,0,0.001,50.70
cell,4,satisficer_23,Satisficer,post,,,0,0,0,0.001,50.70
cell,4,satisficer_24,Satisficer,post,,,0,0,0,0.001,50.70
cell,4,satisficer_25,Satisficer,post,,,0,0,0,0.001,50.70
cell,4,satisficer_26,Satisficer,post,,,0,0,0,0.001,50.70
cell,4,satisficer_27,Satisficer,post,,,0,0,0,0.001,50.70
cell,4,satisficer_28,Satisficer,post,,,0,0,0,0.001,50.70
cell,4,satisficer_29,Satisficer,post,,,0,0,0,0.001,50.70
cell,4,satisficer_30,Satisficer,post,,,0,0,0,0.001,50.70
cell,4,satisficer_31,Satisficer,post,,,0,0,0,0.003,50.70
cell,4,satisficer_32,Satisficer,post,,,0,0,0,0.001,50.70
cell,4,satisficer_33,Satisficer,post,,,0,0,0,0.002,50.70
cell,4,satisficer_34,Satisficer,post,,,0,0,0,0.001,50.70
cell,4,satisficer_35,Satisficer,post,,,0,0,0,0.001,50.70
cell,4,satisficer_36,Satisficer,post,,,0,0,0,0.001,50.70
cell,4,satisficer_37,Satisficer,post,,,0,0,0,0.001,50.70
cell,4,satisficer_38,Satisficer,post,,,0,0,0,0.001,50.70
cell,4,satisficer_39,Satisficer,post,,,0,0,0,0.001,50.70
cell,4,satisficer_40,Satisficer,post,,,0,0,0,0.002,50.70
cell,4,satisficer_41,Satisficer,post,,,0,0,0,0.002,50.70
cell,4,satisficer_42,Satisficer,post,,,0,0,0,0.002,50.70
cell,4,satisficer_43,Satisficer,post,,,0,0,0,0.001,50.70
cell,4,satisficer_44,Satisficer,post,,,0,0,0,0.001,50.70
cell,4,satisficer_45,Satisficer,post,,,0,0,0,0.001,50.70
cell,4,satisficer_46,Satisficer,post,,,0,0,0,0.001,50.70
cell,4,satisficer_47,Satisficer,post,,,0,0,0,0.001,50.70
cell,4,satisficer_48,Satisficer,post,,,0,0,0,0.001,50.70
cell,4,satisficer_49,Satisficer,post,,,0,0,0,0.001,50.70
cell,4,satisficer_50,Satisficer,post,,,0,0,0,0.001,50.70
cell,4,satisficer_51,Satisficer,post,,,0,0,0,0.009,50.70
cell,4,satisficer_52,Satisficer,post,,,0,0,0,0.001,50.70
cell,4,satisficer_53,Satisficer,post,,,0,0,0,0.001,50.70
cell,4,satisficer_54,Satisficer,post,,,0,0,0,0.001,50.70
cell,4,satisficer_55,Satisficer,post,,,0,0,0,0.001,50.70
cell,4,satisficer_56,Satisficer,post,,,0,0,0,0.001,50.70
cell,4,satisficer_57,Satisficer,post,,,0,0,0,0.002,50.70
cell,4,satisficer_58,Satisficer,post,,,0,0,0,0.002,50.70
cell,4,satisficer_59,Satisficer,post,,,0,0,0,0.002,50.70
cell,4,satisficer_60,Satisficer,post,,,0,0,0,0.001,50.70
cell,4,satisficer_61,Satisficer,post,,,0,0,0,0.001,50.70
cell,4,satisficer_62,Satisficer,post,,,0,0,0,0.001,50.70
cell,4,satisficer_63,Satisficer,post,,,0,0,0,0.001,50.70
cell,4,satisficer_64,Satisficer,post,,,0,0,0,0.001,50.70
cell,4,satisficer_65,Satisficer,post,,,0,0,0,0.001,50.70
cell,4,satisficer_66,Satisficer,post,,,0,0,0,0.001,50.70
cell,4,satisficer_67,Satisficer,post,,,0,0,0,0.001,50.70
cell,4,satisficer_68,Satisficer,post,,,0,0,0,0.001,50.70
cell,4,satisficer_69,Satisficer,post,,,0,0,0,0.001,50.70
cell,4,satisficer_70,Satisficer,post,,,0,0,0,0.001,50.70
cell,4,satisficer_71,Satisficer,post,,,0,0,0,0.001,50.70
cell,4,satisficer_72,Satisficer,post,,,0,0,0,0.001,50.70
cell,4,satisficer_73,Satisficer,post,,,0,0,0,0.001,50.70
cell,4,satisficer_74,Satisficer,post,,,0,0,0,0.001,50.70
cell,4,satisficer_75,Satisficer,post,,,0,0,0,0.001,50.70
cell,4,satisficer_76,Satisficer,post,,,0,0,0,0.001,50.70
cell,4,satisficer_77,Satisficer,post,,,0,0,0,0.001,50.70
cell,4,satisficer_78,Satisficer,post,,,0,0,0,0.001,50.70
cell,4,satisficer_79,Satisficer,post,,,0,0,0,0.001,50.70
cell,4,satisficer_80,Satisficer,post,,,0,0,0,0.001,50.70
cell,4,satisficer_81,Satisficer,post,,,0,0,0,0.001,50.70
cell,4,satisficer_82,Satisficer,post,,,0,0,0,0.001,50.70
cell,4,satisficer_83,Satisficer,post,,,0,0,0,0.001,50.70
cell,4,satisficer_84,Satisficer,post,,,0,0,0,0.001,50.70
cell,4,satisficer_85,Satisficer,post,,,0,0,0,0.001,50.70
cell,4,satisficer_86,Satisficer,post,,,0,0,0,0.001,50.70
cell,4,satisficer_87,Satisficer,post,,,0,0,0,0.001,50.70
cell,4,satisficer_88,Satisficer,post,,,0,0,0,0.001,50.70
cell,4,satisficer_89,Satisficer,post,,,0,0,0,0.001,50.70
cell,4,satisficer_90,Satisficer,post,,,0,0,0,0.001,50.70
cell,4,satisficer_91,Satisficer,post,,,0,0,0,0.001,50.70
cell,4,satisficer_92,Satisficer,post,,,0,0,0,0.001,50.70
cell,4,satisficer_93,Satisficer,post,,,0,0,0,0.001,50.70
cell,4,satisficer_94,Satisficer,post,,,0,0,0,0.001,50.70
cell,4,satisficer_95,Satisficer,post,,,0,0,0,0.001,50.70
cell,4,satisficer_96,Satisficer,post,,,0,0,0,0.001,50.70
cell,4,satisficer_97,Satisficer,post,,,0,0,0,0.001,50.70
cell,4,satisficer_98,Satisficer,post,,,0,0,0,0.001,50.70
cell,4,satisficer_99,Satisficer,post,,,0,0,0,0.001,50.70
cell,4,satisficer_100,Satisficer,post,,,0,0,0,0.001,50.70
cell,4,satisficer_101,Satisficer,post,,,0,0,0,0.002,50.70
cell,4,satisficer_102,Satisficer,post,,,0,0,0,0.001,50.70
cell,4,satisficer_103,Satisficer,post,,,0,0,0,0.002,50.70
cell,4,satisficer_104,Satisficer,post,,,0,0,0,0.001,50.70
cell,4,satisficer_105,Satisficer,post,,,0,0,0,0.001,50.70
cell,4,satisficer_106,Satisficer,post,,,0,0,0,0.001,50.70
cell,4,satisficer_107,Satisficer,post,,,0,0,0,0.001,50.70
cell,4,satisficer_108,Satisficer,post,,,0,0,0,0.001,50.70
cell,4,satisficer_109,Satisficer,post,,,0,0,0,0.001,50.70
cell,4,satisficer_110,Satisficer,post,,,0,0,0,0.001,50.70
cell,4,satisficer_111,Satisficer,post,,,0,0,0,0.001,50.70
cell,4,satisficer_112,Satisficer,post,,,0,0,0,0.001,50.70
cell,4,satisficer_113,Satisficer,post,,,0,0,0,0.002,50.70
cell,4,satisficer_114,Satisficer,post,,,0,0,0,0.001,50.70
cell,4,satisficer_115,Satisficer,post,,,0,0,0,0.001,50.70
cell,4,satisficer_116,Satisficer,post,,,0,0,0,0.001,50.70
cell,4,satisficer_117,Satisficer,post,,,0,0,0,0.001,50.70
cell,4,satisficer_118,Satisficer,post,,,0,0,0,0.001,50.70
cell,4,satisficer_119,Satisficer,post,,,0,0,0,0.001,50.70
cell,4,satisficer_120,Satisficer,post,,,0,0,0,0.001,50.70
cell,4,satisficer_121,Satisficer,post,,,0,0,0,0.001,50.70
cell,4,satisficer_122,Satisficer,post,,,0,0,0,0.001,50.70
cell,4,satisficer_123,Satisficer,post,,,0,0,0,0.002,50.70
cell,4,satisficer_124,Satisficer,post,,,0,0,0,0.001,50.70
cell,4,satisficer_125,Satisficer,post,,,0,0,0,0.001,50.70
cell,4,satisficer_126,Satisficer,post,,,0,0,0,0.001,50.70
cell,4,satisficer_127,Satisficer,post,,,0,0,0,0.001,50.70
cell,4,satisficer_128,Satisficer,post,,,0,0,0,0.001,50.70
cell,4,satisficer_129,Satisficer,post,,,0,0,0,0.001,50.70
cell,4,satisficer_130,Satisficer,post,,,0,0,0,0.001,50.70
cell,4,satisficer_131,Satisficer,post,,,0,0,0,0.001,50.70
cell,4,satisficer_132,Satisficer,post,,,0,0,0,0.001,50.70
cell,4,satisficer_133,Satisficer,post,,,0,0,0,0.002,50.70
cell,4,satisficer_134,Satisficer,post,,,0,0,0,0.001,50.70
cell,4,satisficer_135,Satisficer,post,,,0,0,0,0.001,50.70
cell,4,satisficer_136,Satisficer,post,,,0,0,0,0.001,50.70
cell,4,satisficer_137,Satisficer,post,,,0,0,0,0.001,50.70
cell,4,satisficer_138,Satisficer,post,,,0,0,0,0.001,50.70
cell,4,satisficer_139,Satisficer,post,,,0,0,0,0.001,50.70
cell,4,satisficer_140,Satisficer,post,,,0,0,0,0.001,50.70
cell,4,satisficer_141,Satisficer,post,,,0,0,0,0.001,50.70
cell,4,satisficer_142,Satisficer,post,,,0,0,0,0.001,50.70
cell,4,satisficer_143,Satisficer,post,,,0,0,0,0.001,50.70
cell,4,satisficer_144,Satisficer,post,,,0,0,0,0.001,50.70
cell,4,satisficer_145,Satisficer,post,,,0,0,0,0.001,50.70
cell,4,satisficer_146,Satisficer,post,,,0,0,0,0.001,50.70
cell,4,satisficer_147,Satisficer,post,,,0,0,0,0.001,50.70
cell,4,satisficer_148,Satisficer,post,,,0,0,0,0.001,50.70
cell,4,satisficer_149,Satisficer,post,,,0,0,0,0.001,50.70
cell,4,satisficer_150,Satisficer,post,,,0,0,0,0.001,50.70
cell,4,satisficer_151,Satisficer,post,,,0,0,0,0.001,50.70
cell,4,satisficer_152,Satisficer,post,,,0,0,0,0.001,50.70
cell,4,satisficer_153,Satisficer,post,,,0,0,0,0.001,50.70
cell,4,satisficer_154,Satisficer,post,,,0,0,0,0.001,50.70
cell,4,satisficer_155,Satisficer,post,,,0,0,0,0.001,50.70
cell,4,satisficer_156,Satisficer,post,,,0,0,0,0.001,50.70
cell,4,satisficer_157,Satisficer,post,,,0,0,0,0.001,50.70
cell,4,satisficer_158,Satisficer,post,,,0,0,0,0.001,50.70
cell,4,satisficer_159,Satisficer,post,,,0,0,0,0.001,50.70
cell,4,satisficer_160,Satisficer,post,,,0,0,0,0.001,50.70
cell,4,satisficer_161,Satisficer,post,,,0,0,0,0.001,50.70
cell,4,satisficer_162,Satisficer,post,,,0,0,0,0.001,50.70
cell,4,satisficer_163,Satisficer,post,,,0,0,0,0.001,50.70
cell,4,satisficer_164,Satisficer,post,,,0,0,0,0.001,50.70
cell,4,satisficer_165,Satisficer,post,,,0,0,0,0.001,50.70
cell,4,satisficer_166,Satisficer,post,,,0,0,0,0.001,50.70
cell,4,satisficer_167,Satisficer,post,,,0,0,0,0.001,50.70
cell,4,satisficer_168,Satisficer,post,,,0,0,0,0.001,50.70
cell,4,satisficer_169,Satisficer,post,,,0,0,0,0.001,50.70
cell,4,satisficer_170,Satisficer,post,,,0,0,0,0.001,50.70
cell,4,satisficer_171,Satisficer,post,,,0,0,0,0.001,50.70
cell,4,satisficer_172,Satisficer,post,,,0,0,0,0.001,50.70
cell,4,satisficer_173,Satisficer,post,,,0,0,0,0.001,50.70
cell,4,satisficer_174,Satisficer,post,,,0,0,0,0.002,50.70
cell,4,satisficer_175,Satisficer,post,,,0,0,0,0.001,50.70
cell,4,satisficer_176,Satisficer,post,,,0,0,0,0.001,50.70
cell,4,satisficer_177,Satisficer,post,,,0,0,0,0.001,50.70
cell,4,satisficer_178,Satisficer,post,,,0,0,0,0.001,50.70
cell,4,satisficer_179,Satisficer,post,,,0,0,0,0.001,50.70
cell,4,satisficer_180,Satisficer,post,,,0,0,0,0.001,50.70
cell,4,satisficer_181,Satisficer,post,,,0,0,0,0.002,50.70
cell,4,satisficer_182,Satisficer,post,,,0,0,0,0.001,50.70
cell,4,satisficer_183,Satisficer,post,,,0,0,0,0.001,50.70
cell,4,satisficer_184,Satisficer,post,,,0,0,0,0.001,50.70
cell,4,satisficer_185,Satisficer,post,,,0,0,0,0.001,50.70
cell,4,satisficer_186,Satisficer,post,,,0,0,0,0.001,50.70
cell,4,satisficer_187,Satisficer,post,,,0,0,0,0.001,50.70
cell,4,satisficer_188,Satisficer,post,,,0,0,0,0.001,50.70
cell,4,satisficer_189,Satisficer,post,,,0,0,0,0.001,50.70
cell,4,satisficer_190,Satisficer,post,,,0,0,0,0.001,50.70
cell,4,satisficer_191,Satisficer,post,,,0,0,0,0.001,50.70
cell,4,satisficer_192,Satisficer,post,,,0,0,0,0.001,50.70
cell,4,satisficer_193,Satisficer,post,,,0,0,0,0.001,50.70
cell,4,satisficer_194,Satisficer,post,,,0,0,0,0.001,50.70
cell,4,satisficer_195,Satisficer,post,,,0,0,0,0.001,50.70
cell,4,satisficer_196,Satisficer,post,,,0,0,0,0.001,50.70
cell,4,satisficer_197,Satisficer,post,,,0,0,0,0.001,50.70
cell,4,satisficer_198,Satisficer,post,,,0,0,0,0.001,50.70
cell,4,satisficer_199,Satisficer,post,,,0,0,0,0.001,50.70
cell,5,satisficer_0,Satisficer,post,,,0,0,0,0.001,50.72
cell,5,satisficer_1,Satisficer,post,,,0,0,0,0.001,50.72
cell,5,satisficer_2,Satisficer,post,,,0,0,0,0.001,50.72
cell,5,satisficer_3,Satisficer,post,,,0,0,0,0.001,50.72
cell,5,satisficer_4,Satisficer,post,,,0,0,0,0.001,50.72
cell,5,satisficer_5,Satisficer,post,,,0,0,0,0.001,50.72
cell,5,satisficer_6,Satisficer,post,,,0,0,0,0.009,50.72
cell,5,satisficer_7,Satisficer,post,,,0,0,0,0.001,50.72
cell,5,satisficer_8,Satisficer,post,,,0,0,0,0.001,50.72
cell,5,satisficer_9,Satisficer,post,,,0,0,0,0.001,50.72
cell,5,satisficer_10,Satisficer,post,,,0,0,0,0.001,50.72
cell,5,satisficer_11,Satisficer,post,,,0,0,0,0.001,50.72
cell,5,satisficer_12,Satisficer,post,,,0,0,0,0.002,50.72
cell,5,satisficer_13,Satisficer,post,,,0,0,0,0.001,50.72
cell,5,satisficer_14,Satisficer,post,,,0,0,0,0.001,50.72
cell,5,satisficer_15,Satisficer,post,,,0,0,0,0.001,50.72
cell,5,satisficer_16,Satisficer,post,,,0,0,0,0.002,50.72
cell,5,satisficer_17,Satisficer,post,,,0,0,0,0.001,50.72
cell,5,satisficer_18,Satisficer,post,,,0,0,0,0.001,50.72
cell,5,satisficer_19,Satisficer,post,,,0,0,0,0.002,50.72
cell,5,satisficer_20,Satisficer,post,,,0,0,0,0.001,50.72
cell,5,satisficer_21,Satisficer,post,,,0,0,0,0.001,50.72
cell,5,satisficer_22,Satisficer,post,,,0,0,0,0.002,50.72
cell,5,satisficer_23,Satisficer,post,,,0,0,0,0.001,50.72
cell,5,satisficer_24,Satisficer,post,,,0,0,0,0.001,50.72
cell,5,satisficer_25,Satisficer,post,,,0,0,0,0.001,50.72
cell,5,satisficer_26,Satisficer,post,,,0,0,0,0.001,50.72
cell,5,satisficer_27,Satisficer,post,,,0,0,0,0.001,50.72
cell,5,satisficer_28,Satisficer,post,,,0,0,0,0.001,50.72
cell,5,satisficer_29,Satisficer,post,,,0,0,0,0.001,50.72
cell,5,satisficer_30,Satisficer,post,,,0,0,0,0.009,50.72
cell,5,satisficer_31,Satisficer,post,,,0,0,0,0.001,50.72
cell,5,satisficer_32,Satisficer,post,,,0,0,0,0.001,50.72
cell,5,satisficer_33,Satisficer,post,,,0,0,0,0.001,50.72
cell,5,satisficer_34,Satisficer,post,,,0,0,0,0.002,50.72
cell,5,satisficer_35,Satisficer,post,,,0,0,0,0.001,50.72
cell,5,satisficer_36,Satisficer,post,,,0,0,0,0.001,50.72
cell,5,satisficer_37,Satisficer,post,,,0,0,0,0.001,50.72
cell,5,satisficer_38,Satisficer,post,,,0,0,0,0.001,50.72
cell,5,satisficer_39,Satisficer,post,,,0,0,0,0.001,50.72
cell,5,satisficer_40,Satisficer,post,,,0,0,0,0.002,50.72
cell,5,satisficer_41,Satisficer,post,,,0,0,0,0.001,50.72
cell,5,satisficer_42,Satisficer,post,,,0,0,0,0.001,50.72
cell,5,satisficer_43,Satisficer,post,,,0,0,0,0.001,50.72
cell,5,satisficer_44,Satisficer,post,,,0,0,0,0.001,50.72
cell,5,satisficer_45,Satisficer,post,,,0,0,0,0.001,50.72
cell,5,satisficer_46,Satisficer,post,,,0,0,0,0.001,50.72
cell,5,satisficer_47,Satisficer,post,,,0,0,0,0.001,50.72
cell,5,satisficer_48,Satisficer,post,,,0,0,0,0.001,50.72
cell,5,satisficer_49,Satisficer,post,,,0,0,0,0.001,50.72
cell,5,satisficer_50,Satisficer,post,,,0,0,0,0.001,50.72
cell,5,satisficer_51,Satisficer,post,,,0,0,0,0.001,50.72
cell,5,satisficer_52,Satisficer,post,,,0,0,0,0.001,50.72
cell,5,satisficer_53,Satisficer,post,,,0,0,0,0.001,50.72
cell,5,satisficer_54,Satisficer,post,,,0,0,0,0.002,50.72
cell,5,satisficer_55,Satisficer,post,,,0,0,0,0.001,50.72
cell,5,satisficer_56,Satisficer,post,,,0,0,0,0.001,50.72
cell,5,satisficer_57,Satisficer,post,,,0,0,0,0.012,50.72
cell,5,satisficer_58,Satisficer,post,,,0,0,0,0.009,50.72
cell,5,satisficer_59,Satisficer,post,,,0,0,0,0.001,50.72
cell,5,satisficer_60,Satisficer,post,,,0,0,0,0.002,50.72
cell,5,satisficer_61,Satisficer,post,,,0,0,0,0.002,50.72
cell,5,satisficer_62,Satisficer,post,,,0,0,0,0.001,50.72
cell,5,satisficer_63,Satisficer,post,,,0,0,0,0.001,50.72
cell,5,satisficer_64,Satisficer,post,,,0,0,0,0.001,50.72
cell,5,satisficer_65,Satisficer,post,,,0,0,0,0.001,50.72
cell,5,satisficer_66,Satisficer,post,,,0,0,0,0.001,50.72
cell,5,satisficer_67,Satisficer,post,,,0,0,0,0.001,50.72
cell,5,satisficer_68,Satisficer,post,,,0,0,0,0.001,50.72
cell,5,satisficer_69,Satisficer,post,,,0,0,0,0.002,50.72
cell,5,satisficer_70,Satisficer,post,,,0,0,0,0.002,50.72
cell,5,satisficer_71,Satisficer,post,,,0,0,0,0.001,50.72
cell,5,satisficer_72,Satisficer,post,,,0,0,0,0.001,50.72
cell,5,satisficer_73,Satisficer,post,,,0,0,0,0.001,50.72
cell,5,satisficer_74,Satisficer,post,,,0,0,0,0.002,50.72
cell,5,satisficer_75,Satisficer,post,,,0,0,0,0.001,50.72
cell,5,satisficer_76,Satisficer,post,,,0,0,0,0.001,50.72
cell,5,satisficer_77,Satisficer,post,,,0,0,0,0.002,50.72
cell,5,satisficer_78,Satisficer,post,,,0,0,0,0.001,50.72
cell,5,satisficer_79,Satisficer,post,,,0,0,0,0.001,50.72
cell,5,satisficer_80,Satisficer,post,,,0,0,0,0.001,50.72
cell,5,satisficer_81,Satisficer,post,,,0,0,0,0.001,50.72
cell,5,satisficer_82,Satisficer,post,,,0,0,0,0.001,50.72
cell,5,satisficer_83,Satisficer,post,,,0,0,0,0.009,50.72
cell,5,satisficer_84,Satisficer,post,,,0,0,0,0.001,50.72
cell,5,satisficer_85,Satisficer,post,,,0,0,0,0.002,50.72
cell,5,satisficer_86,Satisficer,post,,,0,0,0,0.001,50.72
cell,5,satisficer_87,Satisficer,post,,,0,0,0,0.001,50.72
cell,5,satisficer_88,Satisficer,post,,,0,0,0,0.002,50.72
cell,5,satisficer_89,Satisficer,post,,,0,0,0,0.001,50.72
cell,5,satisficer_90,Satisficer,post,,,0,0,0,0.001,50.72
cell,5,satisficer_91,Satisficer,post,,,0,0,0,0.001,50.72
cell,5,satisficer_92,Satisficer,post,,,0,0,0,0.001,50.72
cell,5,satisficer_93,Satisficer,post,,,0,0,0,0.001,50.72
cell,5,satisficer_94,Satisficer,post,,,0,0,0,0.002,50.72
cell,5,satisficer_95,Satisficer,post,,,0,0,0,0.002,50.72
cell,5,satisficer_96,Satisficer,post,,,0,0,0,0.002,50.72
cell,5,satisficer_97,Satisficer,post,,,0,0,0,0.002,50.72
cell,5,satisficer_98,Satisficer,post,,,0,0,0,0.010,50.72
cell,5,satisficer_99,Satisficer,post,,,0,0,0,0.001,50.72
cell,5,satisficer_100,Satisficer,post,,,0,0,0,0.002,50.72
cell,5,satisficer_101,Satisficer,post,,,0,0,0,0.001,50.72
cell,5,satisficer_102,Satisficer,post,,,0,0,0,0.001,50.72
cell,5,satisficer_103,Satisficer,post,,,0,0,0,0.001,50.72
cell,5,satisficer_104,Satisficer,post,,,0,0,0,0.002,50.72
cell,5,satisficer_105,Satisficer,post,,,0,0,0,0.001,50.72
cell,5,satisficer_106,Satisficer,post,,,0,0,0,0.001,50.72
cell,5,satisficer_107,Satisficer,post,,,0,0,0,0.001,50.72
cell,5,satisficer_108,Satisficer,post,,,0,0,0,0.001,50.72
cell,5,satisficer_109,Satisficer,post,,,0,0,0,0.001,50.72
cell,5,satisficer_110,Satisficer,post,,,0,0,0,0.001,50.72
cell,5,satisficer_111,Satisficer,post,,,0,0,0,0.001,50.72
cell,5,satisficer_112,Satisficer,post,,,0,0,0,0.001,50.72
cell,5,satisficer_113,Satisficer,post,,,0,0,0,0.013,50.72
cell,5,satisficer_114,Satisficer,post,,,0,0,0,0.001,50.72
cell,5,satisficer_115,Satisficer,post,,,0,0,0,0.001,50.72
cell,5,satisficer_116,Satisficer,post,,,0,0,0,0.002,50.72
cell,5,satisficer_117,Satisficer,post,,,0,0,0,0.001,50.72
cell,5,satisficer_118,Satisficer,post,,,0,0,0,0.001,50.72
cell,5,satisficer_119,Satisficer,post,,,0,0,0,0.001,50.72
cell,5,satisficer_120,Satisficer,post,,,0,0,0,0.001,50.72
cell,5,satisficer_121,Satisficer,post,,,0,0,0,0.001,50.72
cell,5,satisficer_122,Satisficer,post,,,0,0,0,0.001,50.72
cell,5,satisficer_123,Satisficer,post,,,0,0,0,0.001,50.72
cell,5,satisficer_124,Satisficer,post,,,0,0,0,0.001,50.72
cell,5,satisficer_125,Satisficer,post,,,0,0,0,0.001,50.72
cell,5,satisficer_126,Satisficer,post,,,0,0,0,0.001,50.72
cell,5,satisficer_127,Satisficer,post,,,0,0,0,0.001,50.72
cell,5,satisficer_128,Satisficer,post,,,0,0,0,0.001,50.72
cell,5,satisficer_129,Satisficer,post,,,0,0,0,0.001,50.72
cell,5,satisficer_130,Satisficer,post,,,0,0,0,0.009,50.72
cell,5,satisficer_131,Satisficer,post,,,0,0,0,0.001,50.72
cell,5,satisficer_132,Satisficer,post,,,0,0,0,0.001,50.72
cell,5,satisficer_133,Satisficer,post,,,0,0,0,0.001,50.72
cell,5,satisficer_134,Satisficer,post,,,0,0,0,0.008,50.72
cell,5,satisficer_135,Satisficer,post,,,0,0,0,0.001,50.72
cell,5,satisficer_136,Satisficer,post,,,0,0,0,0.001,50.72
cell,5,satisficer_137,Satisficer,post,,,0,0,0,0.002,50.72
cell,5,satisficer_138,Satisficer,post,,,0,0,0,0.001,50.72
cell,5,satisficer_139,Satisficer,post,,,0,0,0,0.001,50.72
cell,5,satisficer_140,Satisficer,post,,,0,0,0,0.001,50.72
cell,5,satisficer_141,Satisficer,post,,,0,0,0,0.001,50.72
cell,5,satisficer_142,Satisficer,post,,,0,0,0,0.001,50.72
cell,5,satisficer_143,Satisficer,post,,,0,0,0,0.001,50.72
cell,5,satisficer_144,Satisficer,post,,,0,0,0,0.001,50.72
cell,5,satisficer_145,Satisficer,post,,,0,0,0,0.001,50.72
cell,5,satisficer_146,Satisficer,post,,,0,0,0,0.001,50.72
cell,5,satisficer_147,Satisficer,post,,,0,0,0,0.001,50.72
cell,5,satisficer_148,Satisficer,post,,,0,0,0,0.001,50.72
cell,5,satisficer_149,Satisficer,post,,,0,0,0,0.001,50.72
cell,5,satisficer_150,Satisficer,post,,,0,0,0,0.001,50.72
cell,5,satisficer_151,Satisficer,post,,,0,0,0,0.001,50.72
cell,5,satisficer_152,Satisficer,post,,,0,0,0,0.001,50.72
cell,5,satisficer_153,Satisficer,post,,,0,0,0,0.001,50.72
cell,5,satisficer_154,Satisficer,post,,,0,0,0,0.001,50.72
cell,5,satisficer_155,Satisficer,post,,,0,0,0,0.001,50.72
cell,5,satisficer_156,Satisficer,post,,,0,0,0,0.001,50.72
cell,5,satisficer_157,Satisficer,post,,,0,0,0,0.002,50.72
cell,5,satisficer_158,Satisficer,post,,,0,0,0,0.001,50.72
cell,5,satisficer_159,Satisficer,post,,,0,0,0,0.001,50.72
cell,5,satisficer_160,Satisficer,post,,,0,0,0,0.001,50.72
cell,5,satisficer_161,Satisficer,post,,,0,0,0,0.010,50.72
cell,5,satisficer_162,Satisficer,post,,,0,0,0,0.001,50.72
cell,5,satisficer_163,Satisficer,post,,,0,0,0,0.003,50.72
cell,5,satisficer_164,Satisficer,post,,,0,0,0,0.001,50.72
cell,5,satisficer_165,Satisficer,post,,,0,0,0,0.001,50.72
cell,5,satisficer_166,Satisficer,post,,,0,0,0,0.001,50.72
cell,5,satisficer_167,Satisficer,post,,,0,0,0,0.001,50.72
cell,5,satisficer_168,Satisficer,post,,,0,0,0,0.009,50.72
cell,5,satisficer_169,Satisficer,post,,,0,0,0,0.001,50.72
cell,5,satisficer_170,Satisficer,post,,,0,0,0,0.002,50.72
cell,5,satisficer_171,Satisficer,post,,,0,0,0,0.009,50.72
cell,5,satisficer_172,Satisficer,post,,,0,0,0,0.001,50.72
cell,5,satisficer_173,Satisficer,post,,,0,0,0,0.001,50.72
cell,5,satisficer_174,Satisficer,post,,,0,0,0,0.001,50.72
cell,5,satisficer_175,Satisficer,post,,,0,0,0,0.001,50.72
cell,5,satisficer_176,Satisficer,post,,,0,0,0,0.001,50.72
cell,5,satisficer_177,Satisficer,post,,,0,0,0,0.001,50.72
cell,5,satisficer_178,Satisficer,post,,,0,0,0,0.002,50.72
cell,5,satisficer_179,Satisficer,post,,,0,0,0,0.001,50.72
cell,5,satisficer_180,Satisficer,post,,,0,0,0,0.001,50.72
cell,5,satisficer_181,Satisficer,post,,,0,0,0,0.001,50.72
cell,5,satisficer_182,Satisficer,post,,,0,0,0,0.001,50.72
cell,5,satisficer_183,Satisficer,post,,,0,0,0,0.001,50.72
cell,5,satisficer_184,Satisficer,post,,,0,0,0,0.001,50.72
cell,5,satisficer_185,Satisficer,post,,,0,0,0,0.009,50.72
cell,5,satisficer_186,Satisficer,post,,,0,0,0,0.009,50.72
cell,5,satisficer_187,Satisficer,post,,,0,0,0,0.001,50.72
cell,5,satisficer_188,Satisficer,post,,,0,0,0,0.001,50.72
cell,5,satisficer_189,Satisficer,post,,,0,0,0,0.009,50.72
cell,5,satisficer_190,Satisficer,post,,,0,0,0,0.001,50.72
cell,5,satisficer_191,Satisficer,post,,,0,0,0,0.001,50.72
cell,5,satisficer_192,Satisficer,post,,,0,0,0,0.001,50.72
cell,5,satisficer_193,Satisficer,post,,,0,0,0,0.001,50.72
cell,5,satisficer_194,Satisficer,post,,,0,0,0,0.001,50.72
cell,5,satisficer_195,Satisficer,post,,,0,0,0,0.001,50.72
cell,5,satisficer_196,Satisficer,post,,,0,0,0,0.001,50.72
cell,5,satisficer_197,Satisficer,post,,,0,0,0,0.001,50.72
cell,5,satisficer_198,Satisficer,post,,,0,0,0,0.001,50.72
cell,5,satisficer_199,Satisficer,post,,,0,0,0,0.001,50.72
cell,6,satisficer_0,Satisficer,post,,,0,0,0,0.001,50.73
cell,6,satisficer_1,Satisficer,post,,,0,0,0,0.001,50.73
cell,6,satisficer_2,Satisficer,post,,,0,0,0,0.001,50.73
cell,6,satisficer_3,Satisficer,post,,,0,0,0,0.001,50.73
cell,6,satisficer_4,Satisficer,post,,,0,0,0,0.002,50.73
cell,6,satisficer_5,Satisficer,post,,,0,0,0,0.001,50.73
cell,6,satisficer_6,Satisficer,post,,,0,0,0,0.001,50.73
cell,6,satisficer_7,Satisficer,post,,,0,0,0,0.001,50.73
cell,6,satisficer_8,Satisficer,post,,,0,0,0,0.001,50.73
cell,6,satisficer_9,Satisficer,post,,,0,0,0,0.001,50.73
cell,6,satisficer_10,Satisficer,post,,,0,0,0,0.002,50.73
cell,6,satisficer_11,Satisficer,post,,,0,0,0,0.009,50.73
cell,6,satisficer_12,Satisficer,post,,,0,0,0,0.001,50.73
cell,6,satisficer_13,Satisficer,post,,,0,0,0,0.001,50.73
cell,6,satisficer_14,Satisficer,post,,,0,0,0,0.001,50.73
cell,6,satisficer_15,Satisficer,post,,,0,0,0,0.001,50.73
cell,6,satisficer_16,Satisficer,post,,,0,0,0,0.001,50.73
cell,6,satisficer_17,Satisficer,post,,,0,0,0,0.001,50.73
cell,6,satisficer_18,Satisficer,post,,,0,0,0,0.002,50.73
cell,6,satisficer_19,Satisficer,post,,,0,0,0,0.001,50.73
cell,6,satisficer_20,Satisficer,post,,,0,0,0,0.001,50.73
cell,6,satisficer_21,Satisficer,post,,,0,0,0,0.001,50.73
cell,6,satisficer_22,Satisficer,post,,,0,0,0,0.001,50.73
cell,6,satisficer_23,Satisficer,post,,,0,0,0,0.001,50.73
cell,6,satisficer_24,Satisficer,post,,,0,0,0,0.001,50.73
cell,6,satisficer_25,Satisficer,post,,,0,0,0,0.001,50.73
cell,6,satisficer_26,Satisficer,post,,,0,0,0,0.001,50.73
cell,6,satisficer_27,Satisficer,post,,,0,0,0,0.002,50.73
cell,6,satisficer_28,Satisficer,post,,,0,0,0,0.001,50.73
cell,6,satisficer_29,Satisficer,post,,,0,0,0,0.001,50.73
cell,6,satisficer_30,Satisficer,post,,,0,0,0,0.002,50.73
cell,6,satisficer_31,Satisficer,post,,,0,0,0,0.005,50.73
cell,6,satisficer_32,Satisficer,post,,,0,0,0,0.001,50.73
cell,6,satisficer_33,Satisficer,post,,,0,0,0,0.001,50.73
cell,6,satisficer_34,Satisficer,post,,,0,0,0,0.001,50.73
cell,6,satisficer_35,Satisficer,post,,,0,0,0,0.001,50.73
cell,6,satisficer_36,Satisficer,post,,,0,0,0,0.001,50.73
cell,6,satisficer_37,Satisficer,post,,,0,0,0,0.001,50.73
cell,6,satisficer_38,Satisficer,post,,,0,0,0,0.001,50.73
cell,6,satisficer_39,Satisficer,post,,,0,0,0,0.001,50.73
cell,6,satisficer_40,Satisficer,post,,,0,0,0,0.001,50.73
cell,6,satisficer_41,Satisficer,post,,,0,0,0,0.001,50.73
cell,6,satisficer_42,Satisficer,post,,,0,0,0,0.001,50.73
cell,6,satisficer_43,Satisficer,post,,,0,0,0,0.001,50.73
cell,6,satisficer_44,Satisficer,post,,,0,0,0,0.001,50.73
cell,6,satisficer_45,Satisficer,post,,,0,0,0,0.001,50.73
cell,6,satisficer_46,Satisficer,post,,,0,0,0,0.001,50.73
cell,6,satisficer_47,Satisficer,post,,,0,0,0,0.001,50.73
cell,6,satisficer_48,Satisficer,post,,,0,0,0,0.001,50.73
cell,6,satisficer_49,Satisficer,post,,,0,0,0,0.001,50.73
cell,6,satisficer_50,Satisficer,post,,,0,0,0,0.001,50.73
cell,6,satisficer_51,Satisficer,post,,,0,0,0,0.001,50.73
cell,6,satisficer_52,Satisficer,post,,,0,0,0,0.001,50.73
cell,6,satisficer_53,Satisficer,post,,,0,0,0,0.001,50.73
cell,6,satisficer_54,Satisficer,post,,,0,0,0,0.001,50.73
cell,6,satisficer_55,Satisficer,post,,,0,0,0,0.001,50.73
cell,6,satisficer_56,Satisficer,post,,,0,0,0,0.001,50.73
cell,6,satisficer_57,Satisficer,post,,,0,0,0,0.001,50.73
cell,6,satisficer_58,Satisficer,post,,,0,0,0,0.001,50.73
cell,6,satisficer_59,Satisficer,post,,,0,0,0,0.001,50.73
cell,6,satisficer_60,Satisficer,post,,,0,0,0,0.001,50.73
cell,6,satisficer_61,Satisficer,post,,,0,0,0,0.001,50.73
cell,6,satisficer_62,Satisficer,post,,,0,0,0,0.001,50.73
cell,6,satisficer_63,Satisficer,post,,,0,0,0,0.001,50.73
cell,6,satisficer_64,Satisficer,post,,,0,0,0,0.001,50.73
cell,6,satisficer_65,Satisficer,post,,,0,0,0,0.001,50.73
cell,6,satisficer_66,Satisficer,post,,,0,0,0,0.001,50.73
cell,6,satisficer_67,Satisficer,post,,,0,0,0,0.001,50.73
cell,6,satisficer_68,Satisficer,post,,,0,0,0,0.001,50.73
cell,6,satisficer_69,Satisficer,post,,,0,0,0,0.001,50.73
cell,6,satisficer_70,Satisficer,post,,,0,0,0,0.001,50.73
cell,6,satisficer_71,Satisficer,post,,,0,0,0,0.001,50.73
cell,6,satisficer_72,Satisficer,post,,,0,0,0,0.001,50.73
cell,6,satisficer_73,Satisficer,post,,,0,0,0,0.001,50.73
cell,6,satisficer_74,Satisficer,post,,,0,0,0,0.001,50.73
cell,6,satisficer_75,Satisficer,post,,,0,0,0,0.001,50.73
cell,6,satisficer_76,Satisficer,post,,,0,0,0,0.001,50.73
cell,6,satisficer_77,Satisficer,post,,,0,0,0,0.001,50.73
cell,6,satisficer_78,Satisficer,post,,,0,0,0,0.002,50.73
cell,6,satisficer_79,Satisficer,post,,,0,0,0,0.001,50.73
cell,6,satisficer_80,Satisficer,post,,,0,0,0,0.001,50.73
cell,6,satisficer_81,Satisficer,post,,,0,0,0,0.001,50.73
cell,6,satisficer_82,Satisficer,post,,,0,0,0,0.001,50.73
cell,6,satisficer_83,Satisficer,post,,,0,0,0,0.001,50.73
cell,6,satisficer_84,Satisficer,post,,,0,0,0,0.001,50.73
cell,6,satisficer_85,Satisficer,post,,,0,0,0,0.001,50.73
cell,6,satisficer_86,Satisficer,post,,,0,0,0,0.001,50.73
cell,6,satisficer_87,Satisficer,post,,,0,0,0,0.001,50.73
cell,6,satisficer_88,Satisficer,post,,,0,0,0,0.001,50.73
cell,6,satisficer_89,Satisficer,post,,,0,0,0,0.001,50.73
cell,6,satisficer_90,Satisficer,post,,,0,0,0,0.002,50.73
cell,6,satisficer_91,Satisficer,post,,,0,0,0,0.002,50.73
cell,6,satisficer_92,Satisficer,post,,,0,0,0,0.001,50.73
cell,6,satisficer_93,Satisficer,post,,,0,0,0,0.001,50.73
cell,6,satisficer_94,Satisficer,post,,,0,0,0,0.001,50.73
cell,6,satisficer_95,Satisficer,post,,,0,0,0,0.001,50.73
cell,6,satisficer_96,Satisficer,post,,,0,0,0,0.001,50.73
cell,6,satisficer_97,Satisficer,post,,,0,0,0,0.001,50.73
cell,6,satisficer_98,Satisficer,post,,,0,0,0,0.001,50.73
cell,6,satisficer_99,Satisficer,post,,,0,0,0,0.001,50.73
cell,6,satisficer_100,Satisficer,post,,,0,0,0,0.001,50.73
cell,6,satisficer_101,Satisficer,post,,,0,0,0,0.001,50.73
cell,6,satisficer_102,Satisficer,post,,,0,0,0,0.001,50.73
cell,6,satisficer_103,Satisficer,post,,,0,0,0,0.001,50.73
cell,6,satisficer_104,Satisficer,post,,,0,0,0,0.001,50.73
cell,6,satisficer_105,Satisficer,post,,,0,0,0,0.001,50.73
cell,6,satisficer_106,Satisficer,post,,,0,0,0,0.001,50.73
cell,6,satisficer_107,Satisficer,post,,,0,0,0,0.001,50.73
cell,6,satisficer_108,Satisficer,post,,,0,0,0,0.001,50.73
cell,6,satisficer_109,Satisficer,post,,,0,0,0,0.001,50.73
cell,6,satisficer_110,Satisficer,post,,,0,0,0,0.001,50.73
cell,6,satisficer_111,Satisficer,post,,,0,0,0,0.001,50.73
cell,6,satisficer_112,Satisficer,post,,,0,0,0,0.001,50.73
cell,6,satisficer_113,Satisficer,post,,,0,0,0,0.001,50.73
cell,6,satisficer_114,Satisficer,post,,,0,0,0,0.001,50.73
cell,6,satisficer_115,Satisficer,post,,,0,0,0,0.002,50.73
cell,6,satisficer_116,Satisficer,post,,,0,0,0,0.001,50.73
cell,6,satisficer_117,Satisficer,post,,,0,0,0,0.001,50.73
cell,6,satisficer_118,Satisficer,post,,,0,0,0,0.001,50.73
cell,6,satisficer_119,Satisficer,post,,,0,0,0,0.001,50.73
cell,6,satisficer_120,Satisficer,post,,,0,0,0,0.001,50.73
cell,6,satisficer_121,Satisficer,post,,,0,0,0,0.001,50.73
cell,6,satisficer_122,Satisficer,post,,,0,0,0,0.001,50.73
cell,6,satisficer_123,Satisficer,post,,,0,0,0,0.001,50.73
cell,6,satisficer_124,Satisficer,post,,,0,0,0,0.001,50.73
cell,6,satisficer_125,Satisficer,post,,,0,0,0,0.001,50.73
cell,6,satisficer_126,Satisficer,post,,,0,0,0,0.001,50.73
cell,6,satisficer_127,Satisficer,post,,,0,0,0,0.001,50.73
cell,6,satisficer_128,Satisficer,post,,,0,0,0,0.001,50.73
cell,6,satisficer_129,Satisficer,post,,,0,0,0,0.001,50.73
cell,6,satisficer_130,Satisficer,post,,,0,0,0,0.001,50.73
cell,6,satisficer_131,Satisficer,post,,,0,0,0,0.001,50.73
cell,6,satisficer_132,Satisficer,post,,,0,0,0,0.001,50.73
cell,6,satisficer_133,Satisficer,post,,,0,0,0,0.001,50.73
cell,6,satisficer_134,Satisficer,post,,,0,0,0,0.001,50.73
cell,6,satisficer_135,Satisficer,post,,,0,0,0,0.001,50.73
cell,6,satisficer_136,Satisficer,post,,,0,0,0,0.001,50.73
cell,6,satisficer_137,Satisficer,post,,,0,0,0,0.001,50.73
cell,6,satisficer_138,Satisficer,post,,,0,0,0,0.001,50.73
cell,6,satisficer_139,Satisficer,post,,,0,0,0,0.001,50.73
cell,6,satisficer_140,Satisficer,post,,,0,0,0,0.001,50.73
cell,6,satisficer_141,Satisficer,post,,,0,0,0,0.001,50.73
cell,6,satisficer_142,Satisficer,post,,,0,0,0,0.001,50.73
cell,6,satisficer_143,Satisficer,post,,,0,0,0,0.001,50.73
cell,6,satisficer_144,Satisficer,post,,,0,0,0,0.001,50.73
cell,6,satisficer_145,Satisficer,post,,,0,0,0,0.001,50.73
cell,6,satisficer_146,Satisficer,post,,,0,0,0,0.001,50.73
cell,6,satisficer_147,Satisficer,post,,,0,0,0,0.001,50.73
cell,6,satisficer_148,Satisficer,post,,,0,0,0,0.001,50.73
cell,6,satisficer_149,Satisficer,post,,,0,0,0,0.001,50.73
cell,6,satisficer_150,Satisficer,post,,,0,0,0,0.001,50.73
cell,6,satisficer_151,Satisficer,post,,,0,0,0,0.001,50.73
cell,6,satisficer_152,Satisficer,post,,,0,0,0,0.001,50.73
cell,6,satisficer_153,Satisficer,post,,,0,0,0,0.001,50.73
cell,6,satisficer_154,Satisficer,post,,,0,0,0,0.001,50.73
cell,6,satisficer_155,Satisficer,post,,,0,0,0,0.001,50.73
cell,6,satisficer_156,Satisficer,post,,,0,0,0,0.001,50.73
cell,6,satisficer_157,Satisficer,post,,,0,0,0,0.001,50.73
cell,6,satisficer_158,Satisficer,post,,,0,0,0,0.001,50.73
cell,6,satisficer_159,Satisficer,post,,,0,0,0,0.001,50.73
cell,6,satisficer_160,Satisficer,post,,,0,0,0,0.001,50.73
cell,6,satisficer_161,Satisficer,post,,,0,0,0,0.001,50.73
cell,6,satisficer_162,Satisficer,post,,,0,0,0,0.001,50.73
cell,6,satisficer_163,Satisficer,post,,,0,0,0,0.001,50.73
cell,6,satisficer_164,Satisficer,post,,,0,0,0,0.001,50.73
cell,6,satisficer_165,Satisficer,post,,,0,0,0,0.001,50.73
cell,6,satisficer_166,Satisficer,post,,,0,0,0,0.001,50.73
cell,6,satisficer_167,Satisficer,post,,,0,0,0,0.001,50.73
cell,6,satisficer_168,Satisficer,post,,,0,0,0,0.001,50.73
cell,6,satisficer_169,Satisficer,post,,,0,0,0,0.001,50.73
cell,6,satisficer_170,Satisficer,post,,,0,0,0,0.001,50.73
cell,6,satisficer_171,Satisficer,post,,,0,0,0,0.001,50.73
cell,6,satisficer_172,Satisficer,post,,,0,0,0,0.001,50.73
cell,6,satisficer_173,Satisficer,post,,,0,0,0,0.001,50.73
cell,6,satisficer_174,Satisficer,post,,,0,0,0,0.001,50.73
cell,6,satisficer_175,Satisficer,post,,,0,0,0,0.001,50.73
cell,6,satisficer_176,Satisficer,post,,,0,0,0,0.001,50.73
cell,6,satisficer_177,Satisficer,post,,,0,0,0,0.001,50.73
cell,6,satisficer_178,Satisficer,post,,,0,0,0,0.001,50.73
cell,6,satisficer_179,Satisficer,post,,,0,0,0,0.001,50.73
cell,6,satisficer_180,Satisficer,post,,,0,0,0,0.001,50.73
cell,6,satisficer_181,Satisficer,post,,,0,0,0,0.001,50.73
cell,6,satisficer_182,Satisficer,post,,,0,0,0,0.001,50.73
cell,6,satisficer_183,Satisficer,post,,,0,0,0,0.001,50.73
cell,6,satisficer_184,Satisficer,post,,,0,0,0,0.001,50.73
cell,6,satisficer_185,Satisficer,post,,,0,0,0,0.001,50.73
cell,6,satisficer_186,Satisficer,post,,,0,0,0,0.001,50.73
cell,6,satisficer_187,Satisficer,post,,,0,0,0,0.001,50.73
cell,6,satisficer_188,Satisficer,post,,,0,0,0,0.001,50.73
cell,6,satisficer_189,Satisficer,post,,,0,0,0,0.001,50.73
cell,6,satisficer_190,Satisficer,post,,,0,0,0,0.001,50.73
cell,6,satisficer_191,Satisficer,post,,,0,0,0,0.001,50.73
cell,6,satisficer_192,Satisficer,post,,,0,0,0,0.001,50.73
cell,6,satisficer_193,Satisficer,post,,,0,0,0,0.001,50.73
cell,6,satisficer_194,Satisficer,post,,,0,0,0,0.001,50.73
cell,6,satisficer_195,Satisficer,post,,,0,0,0,0.001,50.73
cell,6,satisficer_196,Satisficer,post,,,0,0,0,0.001,50.73
cell,6,satisficer_197,Satisficer,post,,,0,0,0,0.001,50.73
cell,6,satisficer_198,Satisficer,post,,,0,0,0,0.001,50.73
cell,6,satisficer_199,Satisficer,post,,,0,0,0,0.001,50.73
cell,7,satisficer_0,Satisficer,post,,,0,0,0,0.001,50.58
cell,7,satisficer_1,Satisficer,post,,,0,0,0,0.001,50.58
cell,7,satisficer_2,Satisficer,post,,,0,0,0,0.001,50.58
cell,7,satisficer_3,Satisficer,post,,,0,0,0,0.001,50.58
cell,7,satisficer_4,Satisficer,post,,,0,0,0,0.001,50.58
cell,7,satisficer_5,Satisficer,post,,,0,0,0,0.001,50.58
cell,7,satisficer_6,Satisficer,post,,,0,0,0,0.001,50.58
cell,7,satisficer_7,Satisficer,post,,,0,0,0,0.001,50.58
cell,7,satisficer_8,Satisficer,post,,,0,0,0,0.001,50.58
cell,7,satisficer_9,Satisficer,post,,,0,0,0,0.001,50.58
cell,7,satisficer_10,Satisficer,post,,,0,0,0,0.001,50.58
cell,7,satisficer_11,Satisficer,post,,,0,0,0,0.001,50.58
cell,7,satisficer_12,Satisficer,post,,,0,0,0,0.001,50.58
cell,7,satisficer_13,Satisficer,post,,,0,0,0,0.001,50.58
cell,7,satisficer_14,Satisficer,post,,,0,0,0,0.001,50.58
cell,7,satisficer_15,Satisficer,post,,,0,0,0,0.001,50.58
cell,7,satisficer_16,Satisficer,post,,,0,0,0,0.001,50.58
cell,7,satisficer_17,Satisficer,post,,,0,0,0,0.001,50.58
cell,7,satisficer_18,Satisficer,post,,,0,0,0,0.001,50.58
cell,7,satisficer_19,Satisficer,post,,,0,0,0,0.001,50.58
cell,7,satisficer_20,Satisficer,post,,,0,0,0,0.001,50.58
cell,7,satisficer_21,Satisficer,post,,,0,0,0,0.001,50.58
cell,7,satisficer_22,Satisficer,post,,,0,0,0,0.001,50.58
cell,7,satisficer_23,Satisficer,post,,,0,0,0,0.001,50.58
cell,7,satisficer_24,Satisficer,post,,,0,0,0,0.001,50.58
cell,7,satisficer_25,Satisficer,post,,,0,0,0,0.001,50.58
cell,7,satisficer_26,Satisficer,post,,,0,0,0,0.001,50.58
cell,7,satisficer_27,Satisficer,post,,,0,0,0,0.001,50.58
cell,7,satisficer_28,Satisficer,post,,,0,0,0,0.001,50.58
cell,7,satisficer_29,Satisficer,post,,,0,0,0,0.001,50.58
cell,7,satisficer_30,Satisficer,post,,,0,0,0,0.001,50.58
cell,7,satisficer_31,Satisficer,post,,,0,0,0,0.001,50.58
cell,7,satisficer_32,Satisficer,post,,,0,0,0,0.001,50.58
cell,7,satisficer_33,Satisficer,post,,,0,0,0,0.002,50.58
cell,7,satisficer_34,Satisficer,post,,,0,0,0,0.001,50.58
cell,7,satisficer_35,Satisficer,post,,,0,0,0,0.001,50.58
cell,7,satisficer_36,Satisficer,post,,,0,0,0,0.002,50.58
cell,7,satisficer_37,Satisficer,post,,,0,0,0,0.001,50.58
cell,7,satisficer_38,Satisficer,post,,,0,0,0,0.001,50.58
cell,7,satisficer_39,Satisficer,post,,,0,0,0,0.001,50.58
cell,7,satisficer_40,Satisficer,post,,,0,0,0,0.001,50.58
cell,7,satisficer_41,Satisficer,post,,,0,0,0,0.001,50.58
cell,7,satisficer_42,Satisficer,post,,,0,0,0,0.001,50.58
cell,7,satisficer_43,Satisficer,post,,,0,0,0,0.001,50.58
cell,7,satisficer_44,Satisficer,post,,,0,0,0,0.001,50.58
cell,7,satisficer_45,Satisficer,post,,,0,0,0,0.001,50.58
cell,7,satisficer_46,Satisficer,post,,,0,0,0,0.001,50.58
cell,7,satisficer_47,Satisficer,post,,,0,0,0,0.001,50.58
cell,7,satisficer_48,Satisficer,post,,,0,0,0,0.001,50.58
cell,7,satisficer_49,Satisficer,post,,,0,0,0,0.001,50.58
cell,7,satisficer_50,Satisficer,post,,,0,0,0,0.001,50.58
cell,7,satisficer_51,Satisficer,post,,,0,0,0,0.001,50.58
cell,7,satisficer_52,Satisficer,post,,,0,0,0,0.001,50.58
cell,7,satisficer_53,Satisficer,post,,,0,0,0,0.002,50.58
cell,7,satisficer_54,Satisficer,post,,,0,0,0,0.001,50.58
cell,7,satisficer_55,Satisficer,post,,,0,0,0,0.001,50.58
cell,7,satisficer_56,Satisficer,post,,,0,0,0,0.001,50.58
cell,7,satisficer_57,Satisficer,post,,,0,0,0,0.001,50.58
cell,7,satisficer_58,Satisficer,post,,,0,0,0,0.001,50.58
cell,7,satisficer_59,Satisficer,post,,,0,0,0,0.001,50.58
cell,7,satisficer_60,Satisficer,post,,,0,0,0,0.001,50.58
cell,7,satisficer_61,Satisficer,post,,,0,0,0,0.001,50.58
cell,7,satisficer_62,Satisficer,post,,,0,0,0,0.001,50.58
cell,7,satisficer_63,Satisficer,post,,,0,0,0,0.001,50.58
cell,7,satisficer_64,Satisficer,post,,,0,0,0,0.001,50.58
cell,7,satisficer_65,Satisficer,post,,,0,0,0,0.001,50.58
cell,7,satisficer_66,Satisficer,post,,,0,0,0,0.001,50.58
cell,7,satisficer_67,Satisficer,post,,,0,0,0,0.001,50.58
cell,7,satisficer_68,Satisficer,post,,,0,0,0,0.001,50.58
cell,7,satisficer_69,Satisficer,post,,,0,0,0,0.001,50.58
cell,7,satisficer_70,Satisficer,post,,,0,0,0,0.001,50.58
cell,7,satisficer_71,Satisficer,post,,,0,0,0,0.001,50.58
cell,7,satisficer_72,Satisficer,post,,,0,0,0,0.001,50.58
cell,7,satisficer_73,Satisficer,post,,,0,0,0,0.001,50.58
cell,7,satisficer_74,Satisficer,post,,,0,0,0,0.001,50.58
cell,7,satisficer_75,Satisficer,post,,,0,0,0,0.001,50.58
cell,7,satisficer_76,Satisficer,post,,,0,0,0,0.001,50.58
cell,7,satisficer_77,Satisficer,post,,,0,0,0,0.001,50.58
cell,7,satisficer_78,Satisficer,post,,,0,0,0,0.001,50.58
cell,7,satisficer_79,Satisficer,post,,,0,0,0,0.001,50.58
cell,7,satisficer_80,Satisficer,post,,,0,0,0,0.001,50.58
cell,7,satisficer_81,Satisficer,post,,,0,0,0,0.001,50.58
cell,7,satisficer_82,Satisficer,post,,,0,0,0,0.001,50.58
cell,7,satisficer_83,Satisficer,post,,,0,0,0,0.001,50.58
cell,7,satisficer_84,Satisficer,post,,,0,0,0,0.001,50.58
cell,7,satisficer_85,Satisficer,post,,,0,0,0,0.002,50.58
cell,7,satisficer_86,Satisficer,post,,,0,0,0,0.001,50.58
cell,7,satisficer_87,Satisficer,post,,,0,0,0,0.001,50.58
cell,7,satisficer_88,Satisficer,post,,,0,0,0,0.001,50.58
cell,7,satisficer_89,Satisficer,post,,,0,0,0,0.001,50.58
cell,7,satisficer_90,Satisficer,post,,,0,0,0,0.001,50.58
cell,7,satisficer_91,Satisficer,post,,,0,0,0,0.001,50.58
cell,7,satisficer_92,Satisficer,post,,,0,0,0,0.001,50.58
cell,7,satisficer_93,Satisficer,post,,,0,0,0,0.001,50.58
cell,7,satisficer_94,Satisficer,post,,,0,0,0,0.001,50.58
cell,7,satisficer_95,Satisficer,post,,,0,0,0,0.001,50.58
cell,7,satisficer_96,Satisficer,post,,,0,0,0,0.001,50.58
cell,7,satisficer_97,Satisficer,post,,,0,0,0,0.001,50.58
cell,7,satisficer_98,Satisficer,post,,,0,0,0,0.001,50.58
cell,7,satisficer_99,Satisficer,post,,,0,0,0,0.001,50.58
cell,7,satisficer_100,Satisficer,post,,,0,0,0,0.001,50.58
cell,7,satisficer_101,Satisficer,post,,,0,0,0,0.001,50.58
cell,7,satisficer_102,Satisficer,post,,,0,0,0,0.001,50.58
cell,7,satisficer_103,Satisficer,post,,,0,0,0,0.001,50.58
cell,7,satisficer_104,Satisficer,post,,,0,0,0,0.001,50.58
cell,7,satisficer_105,Satisficer,post,,,0,0,0,0.001,50.58
cell,7,satisficer_106,Satisficer,post,,,0,0,0,0.001,50.58
cell,7,satisficer_107,Satisficer,post,,,0,0,0,0.001,50.58
cell,7,satisficer_108,Satisficer,post,,,0,0,0,0.001,50.58
cell,7,satisficer_109,Satisficer,post,,,0,0,0,0.001,50.58
cell,7,satisficer_110,Satisficer,post,,,0,0,0,0.001,50.58
cell,7,satisficer_111,Satisficer,post,,,0,0,0,0.001,50.58
cell,7,satisficer_112,Satisficer,post,,,0,0,0,0.001,50.58
cell,7,satisficer_113,Satisficer,post,,,0,0,0,0.001,50.58
cell,7,satisficer_114,Satisficer,post,,,0,0,0,0.001,50.58
cell,7,satisficer_115,Satisficer,post,,,0,0,0,0.001,50.58
cell,7,satisficer_116,Satisficer,post,,,0,0,0,0.001,50.58
cell,7,satisficer_117,Satisficer,post,,,0,0,0,0.001,50.58
cell,7,satisficer_118,Satisficer,post,,,0,0,0,0.001,50.58
cell,7,satisficer_119,Satisficer,post,,,0,0,0,0.001,50.58
cell,7,satisficer_120,Satisficer,post,,,0,0,0,0.001,50.58
cell,7,satisficer_121,Satisficer,post,,,0,0,0,0.001,50.58
cell,7,satisficer_122,Satisficer,post,,,0,0,0,0.001,50.58
cell,7,satisficer_123,Satisficer,post,,,0,0,0,0.001,50.58
cell,7,satisficer_124,Satisficer,post,,,0,0,0,0.001,50.58
cell,7,satisficer_125,Satisficer,post,,,0,0,0,0.001,50.58
cell,7,satisficer_126,Satisficer,post,,,0,0,0,0.001,50.58
cell,7,satisficer_127,Satisficer,post,,,0,0,0,0.001,50.58
cell,7,satisficer_128,Satisficer,post,,,0,0,0,0.001,50.58
cell,7,satisficer_129,Satisficer,post,,,0,0,0,0.001,50.58
cell,7,satisficer_130,Satisficer,post,,,0,0,0,0.001,50.58
cell,7,satisficer_131,Satisficer,post,,,0,0,0,0.001,50.58
cell,7,satisficer_132,Satisficer,post,,,0,0,0,0.001,50.58
cell,7,satisficer_133,Satisficer,post,,,0,0,0,0.001,50.58
cell,7,satisficer_134,Satisficer,post,,,0,0,0,0.001,50.58
cell,7,satisficer_135,Satisficer,post,,,0,0,0,0.001,50.58
cell,7,satisficer_136,Satisficer,post,,,0,0,0,0.001,50.58
cell,7,satisficer_137,Satisficer,post,,,0,0,0,0.001,50.58
cell,7,satisficer_138,Satisficer,post,,,0,0,0,0.002,50.58
cell,7,satisficer_139,Satisficer,post,,,0,0,0,0.001,50.58
cell,7,satisficer_140,Satisficer,post,,,0,0,0,0.001,50.58
cell,7,satisficer_141,Satisficer,post,,,0,0,0,0.001,50.58
cell,7,satisficer_142,Satisficer,post,,,0,0,0,0.001,50.58
cell,7,satisficer_143,Satisficer,post,,,0,0,0,0.001,50.58
cell,7,satisficer_144,Satisficer,post,,,0,0,0,0.001,50.58
cell,7,satisficer_145,Satisficer,post,,,0,0,0,0.001,50.58
cell,7,satisficer_146,Satisficer,post,,,0,0,0,0.001,50.58
cell,7,satisficer_147,Satisficer,post,,,0,0,0,0.001,50.58
cell,7,satisficer_148,Satisficer,post,,,0,0,0,0.001,50.58
cell,7,satisficer_149,Satisficer,post,,,0,0,0,0.001,50.58
cell,7,satisficer_150,Satisficer,post,,,0,0,0,0.001,50.58
cell,7,satisficer_151,Satisficer,post,,,0,0,0,0.001,50.58
cell,7,satisficer_152,Satisficer,post,,,0,0,0,0.001,50.58
cell,7,satisficer_153,Satisficer,post,,,0,0,0,0.001,50.58
cell,7,satisficer_154,Satisficer,post,,,0,0,0,0.001,50.58
cell,7,satisficer_155,Satisficer,post,,,0,0,0,0.001,50.58
cell,7,satisficer_156,Satisficer,post,,,0,0,0,0.001,50.58
cell,7,satisficer_157,Satisficer,post,,,0,0,0,0.001,50.58
cell,7,satisficer_158,Satisficer,post,,,0,0,0,0.001,50.58
cell,7,satisficer_159,Satisficer,post,,,0,0,0,0.001,50.58
cell,7,satisficer_160,Satisficer,post,,,0,0,0,0.001,50.58
cell,7,satisficer_161,Satisficer,post,,,0,0,0,0.001,50.58
cell,7,satisficer_162,Satisficer,post,,,0,0,0,0.001,50.58
cell,7,satisficer_163,Satisficer,post,,,0,0,0,0.001,50.58
cell,7,satisficer_164,Satisficer,post,,,0,0,0,0.001,50.58
cell,7,satisficer_165,Satisficer,post,,,0,0,0,0.001,50.58
cell,7,satisficer_166,Satisficer,post,,,0,0,0,0.002,50.58
cell,7,satisficer_167,Satisficer,post,,,0,0,0,0.001,50.58
cell,7,satisficer_168,Satisficer,post,,,0,0,0,0.001,50.58
cell,7,satisficer_169,Satisficer,post,,,0,0,0,0.001,50.58
cell,7,satisficer_170,Satisficer,post,,,0,0,0,0.001,50.58
cell,7,satisficer_171,Satisficer,post,,,0,0,0,0.001,50.58
cell,7,satisficer_172,Satisficer,post,,,0,0,0,0.001,50.58
cell,7,satisficer_173,Satisficer,post,,,0,0,0,0.001,50.58
cell,7,satisficer_174,Satisficer,post,,,0,0,0,0.001,50.58
cell,7,satisficer_175,Satisficer,post,,,0,0,0,0.001,50.58
cell,7,satisficer_176,Satisficer,post,,,0,0,0,0.001,50.58
cell,7,satisficer_177,Satisficer,post,,,0,0,0,0.001,50.58
cell,7,satisficer_178,Satisficer,post,,,0,0,0,0.001,50.58
cell,7,satisficer_179,Satisficer,post,,,0,0,0,0.001,50.58
cell,7,satisficer_180,Satisficer,post,,,0,0,0,0.001,50.58
cell,7,satisficer_181,Satisficer,post,,,0,0,0,0.001,50.58
cell,7,satisficer_182,Satisficer,post,,,0,0,0,0.001,50.58
cell,7,satisficer_183,Satisficer,post,,,0,0,0,0.001,50.58
cell,7,satisficer_184,Satisficer,post,,,0,0,0,0.001,50.58
cell,7,satisficer_185,Satisficer,post,,,0,0,0,0.001,50.58
cell,7,satisficer_186,Satisficer,post,,,0,0,0,0.001,50.58
cell,7,satisficer_187,Satisficer,post,,,0,0,0,0.001,50.58
cell,7,satisficer_188,Satisficer,post,,,0,0,0,0.001,50.58
cell,7,satisficer_189,Satisficer,post,,,0,0,0,0.001,50.58
cell,7,satisficer_190,Satisficer,post,,,0,0,0,0.001,50.58
cell,7,satisficer_191,Satisficer,post,,,0,0,0,0.001,50.58
cell,7,satisficer_192,Satisficer,post,,,0,0,0,0.001,50.58
cell,7,satisficer_193,Satisficer,post,,,0,0,0,0.001,50.58
cell,7,satisficer_194,Satisficer,post,,,0,0,0,0.001,50.58
cell,7,satisficer_195,Satisficer,post,,,0,0,0,0.001,50.58
cell,7,satisficer_196,Satisficer,post,,,0,0,0,0.003,50.58
cell,7,satisficer_197,Satisficer,post,,,0,0,0,0.001,50.58
cell,7,satisficer_198,Satisficer,post,,,0,0,0,0.001,50.58
cell,7,satisficer_199,Satisficer,post,,,0,0,0,0.001,50.58
cell,8,satisficer_0,Satisficer,post,,,0,0,0,0.001,50.61
cell,8,satisficer_1,Satisficer,post,,,0,0,0,0.001,50.61
cell,8,satisficer_2,Satisficer,post,,,0,0,0,0.001,50.61
cell,8,satisficer_3,Satisficer,post,,,0,0,0,0.001,50.61
cell,8,satisficer_4,Satisficer,post,,,0,0,0,0.001,50.61
cell,8,satisficer_5,Satisficer,post,,,0,0,0,0.001,50.61
cell,8,satisficer_6,Satisficer,post,,,0,0,0,0.001,50.61
cell,8,satisficer_7,Satisficer,post,,,0,0,0,0.001,50.61
cell,8,satisficer_8,Satisficer,post,,,0,0,0,0.001,50.61
cell,8,satisficer_9,Satisficer,post,,,0,0,0,0.001,50.61
cell,8,satisficer_10,Satisficer,post,,,0,0,0,0.001,50.61
cell,8,satisficer_11,Satisficer,post,,,0,0,0,0.001,50.61
cell,8,satisficer_12,Satisficer,post,,,0,0,0,0.001,50.61
cell,8,satisficer_13,Satisficer,post,,,0,0,0,0.001,50.61
cell,8,satisficer_14,Satisficer,post,,,0,0,0,0.001,50.61
cell,8,satisficer_15,Satisficer,post,,,0,0,0,0.001,50.61
cell,8,satisficer_16,Satisficer,post,,,0,0,0,0.001,50.61
cell,8,satisficer_17,Satisficer,post,,,0,0,0,0.001,50.61
cell,8,satisficer_18,Satisficer,post,,,0,0,0,0.001,50.61
cell,8,satisficer_19,Satisficer,post,,,0,0,0,0.001,50.61
cell,8,satisficer_20,Satisficer,post,,,0,0,0,0.001,50.61
cell,8,satisficer_21,Satisficer,post,,,0,0,0,0.001,50.61
cell,8,satisficer_22,Satisficer,post,,,0,0,0,0.001,50.61
cell,8,satisficer_23,Satisficer,post,,,0,0,0,0.001,50.61
cell,8,satisficer_24,Satisficer,post,,,0,0,0,0.001,50.61
cell,8,satisficer_25,Satisficer,post,,,0,0,0,0.001,50.61
cell,8,satisficer_26,Satisficer,post,,,0,0,0,0.001,50.61
cell,8,satisficer_27,Satisficer,post,,,0,0,0,0.001,50.61
cell,8,satisficer_28,Satisficer,post,,,0,0,0,0.001,50.61
cell,8,satisficer_29,Satisficer,post,,,0,0,0,0.001,50.61
cell,8,satisficer_30,Satisficer,post,,,0,0,0,0.001,50.61
cell,8,satisficer_31,Satisficer,post,,,0,0,0,0.001,50.61
cell,8,satisficer_32,Satisficer,post,,,0,0,0,0.001,50.61
cell,8,satisficer_33,Satisficer,post,,,0,0,0,0.001,50.61
cell,8,satisficer_34,Satisficer,post,,,0,0,0,0.001,50.61
cell,8,satisficer_35,Satisficer,post,,,0,0,0,0.001,50.61
cell,8,satisficer_36,Satisficer,post,,,0,0,0,0.001,50.61
cell,8,satisficer_37,Satisficer,post,,,0,0,0,0.001,50.61
cell,8,satisficer_38,Satisficer,post,,,0,0,0,0.001,50.61
cell,8,satisficer_39,Satisficer,post,,,0,0,0,0.001,50.61
cell,8,satisficer_40,Satisficer,post,,,0,0,0,0.001,50.61
cell,8,satisficer_41,Satisficer,post,,,0,0,0,0.001,50.61
cell,8,satisficer_42,Satisficer,post,,,0,0,0,0.001,50.61
cell,8,satisficer_43,Satisficer,post,,,0,0,0,0.001,50.61
cell,8,satisficer_44,Satisficer,post,,,0,0,0,0.001,50.61
cell,8,satisficer_45,Satisficer,post,,,0,0,0,0.001,50.61
cell,8,satisficer_46,Satisficer,post,,,0,0,0,0.001,50.61
cell,8,satisficer_47,Satisficer,post,,,0,0,0,0.001,50.61
cell,8,satisficer_48,Satisficer,post,,,0,0,0,0.001,50.61
cell,8,satisficer_49,Satisficer,post,,,0,0,0,0.001,50.61
cell,8,satisficer_50,Satisficer,post,,,0,0,0,0.001,50.61
cell,8,satisficer_51,Satisficer,post,,,0,0,0,0.001,50.61
cell,8,satisficer_52,Satisficer,post,,,0,0,0,0.001,50.61
cell,8,satisficer_53,Satisficer,post,,,0,0,0,0.001,50.61
cell,8,satisficer_54,Satisficer,post,,,0,0,0,0.001,50.61
cell,8,satisficer_55,Satisficer,post,,,0,0,0,0.001,50.61
cell,8,satisficer_56,Satisficer,post,,,0,0,0,0.001,50.61
cell,8,satisficer_57,Satisficer,post,,,0,0,0,0.001,50.61
cell,8,satisficer_58,Satisficer,post,,,0,0,0,0.001,50.61
cell,8,satisficer_59,Satisficer,post,,,0,0,0,0.001,50.61
cell,8,satisficer_60,Satisficer,post,,,0,0,0,0.001,50.61
cell,8,satisficer_61,Satisficer,post,,,0,0,0,0.001,50.61
cell,8,satisficer_62,Satisficer,post,,,0,0,0,0.001,50.61
cell,8,satisficer_63,Satisficer,post,,,0,0,0,0.001,50.61
cell,8,satisficer_64,Satisficer,post,,,0,0,0,0.001,50.61
cell,8,satisficer_65,Satisficer,post,,,0,0,0,0.001,50.61
cell,8,satisficer_66,Satisficer,post,,,0,0,0,0.002,50.61
cell,8,satisficer_67,Satisficer,post,,,0,0,0,0.001,50.61
cell,8,satisficer_68,Satisficer,post,,,0,0,0,0.001,50.61
cell,8,satisficer_69,Satisficer,post,,,0,0,0,0.001,50.61
cell,8,satisficer_70,Satisficer,post,,,0,0,0,0.001,50.61
cell,8,satisficer_71,Satisficer,post,,,0,0,0,0.001,50.61
cell,8,satisficer_72,Satisficer,post,,,0,0,0,0.001,50.61
cell,8,satisficer_73,Satisficer,post,,,0,0,0,0.001,50.61
cell,8,satisficer_74,Satisficer,post,,,0,0,0,0.001,50.61
cell,8,satisficer_75,Satisficer,post,,,0,0,0,0.001,50.61
cell,8,satisficer_76,Satisficer,post,,,0,0,0,0.001,50.61
cell,8,satisficer_77,Satisficer,post,,,0,0,0,0.001,50.61
cell,8,satisficer_78,Satisficer,post,,,0,0,0,0.001,50.61
cell,8,satisficer_79,Satisficer,post,,,0,0,0,0.001,50.61
cell,8,satisficer_80,Satisficer,post,,,0,0,0,0.001,50.61
cell,8,satisficer_81,Satisficer,post,,,0,0,0,0.001,50.61
cell,8,satisficer_82,Satisficer,post,,,0,0,0,0.001,50.61
cell,8,satisficer_83,Satisficer,post,,,0,0,0,0.001,50.61
cell,8,satisficer_84,Satisficer,post,,,0,0,0,0.001,50.61
cell,8,satisficer_85,Satisficer,post,,,0,0,0,0.001,50.61
cell,8,satisficer_86,Satisficer,post,,,0,0,0,0.001,50.61
cell,8,satisficer_87,Satisficer,post,,,0,0,0,0.003,50.61
cell,8,satisficer_88,Satisficer,post,,,0,0,0,0.001,50.61
cell,8,satisficer_89,Satisficer,post,,,0,0,0,0.001,50.61
cell,8,satisficer_90,Satisficer,post,,,0,0,0,0.001,50.61
cell,8,satisficer_91,Satisficer,post,,,0,0,0,0.001,50.61
cell,8,satisficer_92,Satisficer,post,,,0,0,0,0.001,50.61
cell,8,satisficer_93,Satisficer,post,,,0,0,0,0.001,50.61
cell,8,satisficer_94,Satisficer,post,,,0,0,0,0.001,50.61
cell,8,satisficer_95,Satisficer,post,,,0,0,0,0.001,50.61
cell,8,satisficer_96,Satisficer,post,,,0,0,0,0.001,50.61
cell,8,satisficer_97,Satisficer,post,,,0,0,0,0.001,50.61
cell,8,satisficer_98,Satisficer,post,,,0,0,0,0.001,50.61
cell,8,satisficer_99,Satisficer,post,,,0,0,0,0.001,50.61
cell,8,satisficer_100,Satisficer,post,,,0,0,0,0.001,50.61
cell,8,satisficer_101,Satisficer,post,,,0,0,0,0.001,50.61
cell,8,satisficer_102,Satisficer,post,,,0,0,0,0.001,50.61
cell,8,satisficer_103,Satisficer,post,,,0,0,0,0.001,50.61
cell,8,satisficer_104,Satisficer,post,,,0,0,0,0.001,50.61
cell,8,satisficer_105,Satisficer,post,,,0,0,0,0.001,50.61
cell,8,satisficer_106,Satisficer,post,,,0,0,0,0.001,50.61
cell,8,satisficer_107,Satisficer,post,,,0,0,0,0.001,50.61
cell,8,satisficer_108,Satisficer,post,,,0,0,0,0.001,50.61
