run_id,t,agent_id,agent_type,action_type,price_cperkwh,qty_kwh,offers_seen,solver_calls,learners_steps,wall_ms,mem_mb
cell,0,optimizer_0,Optimizer,post,,,0,0,0,0.002,23.20
cell,0,optimizer_1,Optimizer,post,,,0,0,0,0.001,23.20
cell,0,optimizer_2,Optimizer,post,,,0,0,0,0.001,23.20
cell,0,optimizer_3,Optimizer,post,,,0,0,0,0.001,23.20
cell,0,optimizer_4,Optimizer,post,,,0,0,0,0.001,23.20
cell,0,optimizer_5,Optimizer,post,,,0,0,0,0.001,23.20
cell,0,optimizer_6,Optimizer,post,,,0,0,0,0.001,23.20
cell,0,optimizer_7,Optimizer,post,,,0,0,0,0.001,23.20
cell,0,optimizer_8,Optimizer,post,,,0,0,0,0.001,23.20
cell,0,optimizer_9,Optimizer,post,,,0,0,0,0.001,23.20
cell,0,optimizer_10,Optimizer,post,,,0,0,0,0.001,23.20
cell,0,optimizer_11,Optimizer,post,,,0,0,0,0.001,23.20
cell,0,optimizer_12,Optimizer,post,,,0,0,0,0.001,23.20
cell,0,optimizer_13,Optimizer,post,,,0,0,0,0.001,23.20
cell,0,optimizer_14,Optimizer,post,,,0,0,0,0.001,23.20
cell,0,optimizer_15,Optimizer,post,,,0,0,0,0.001,23.20
cell,0,optimizer_16,Optimizer,post,,,0,0,0,0.001,23.20
cell,0,optimizer_17,Optimizer,post,,,0,0,0,0.001,23.20
cell,0,optimizer_18,Optimizer,post,,,0,0,0,0.001,23.20
cell,0,optimizer_19,Optimizer,post,,,0,0,0,0.001,23.20
cell,0,optimizer_20,Optimizer,post,,,0,0,0,0.001,23.20
cell,0,optimizer_21,Optimizer,post,,,0,0,0,0.001,23.20
cell,0,optimizer_22,Optimizer,post,,,0,0,0,0.001,23.20
cell,0,optimizer_23,Optimizer,post,,,0,0,0,0.001,23.20
cell,0,optimizer_24,Optimizer,post,,,0,0,0,0.001,23.20
cell,0,optimizer_25,Optimizer,post,,,0,0,0,0.001,23.20
cell,0,optimizer_26,Optimizer,post,,,0,0,0,0.001,23.20
cell,0,optimizer_27,Optimizer,post,,,0,0,0,0.001,23.20
cell,0,optimizer_28,Optimizer,post,,,0,0,0,0.001,23.20
cell,0,optimizer_29,Optimizer,post,,,0,0,0,0.001,23.20
cell,0,optimizer_30,Optimizer,post,,,0,0,0,0.001,23.20
cell,0,optimizer_31,Optimizer,post,,,0,0,0,0.001,23.20
cell,0,optimizer_32,Optimizer,post,,,0,0,0,0.001,23.20
cell,0,optimizer_33,Optimizer,post,,,0,0,0,0.001,23.20
cell,0,optimizer_34,Optimizer,post,,,0,0,0,0.001,23.20
cell,0,optimizer_35,Optimizer,post,,,0,0,0,0.001,23.20
cell,0,optimizer_36,Optimizer,post,,,0,0,0,0.001,23.20
cell,0,optimizer_37,Optimizer,post,,,0,0,0,0.001,23.20
cell,0,optimizer_38,Optimizer,post,,,0,0,0,0.001,23.20
cell,0,optimizer_39,Optimizer,post,,,0,0,0,0.001,23.20
cell,0,optimizer_40,Optimizer,post,,,0,0,0,0.001,23.20
cell,0,optimizer_41,Optimizer,post,,,0,0,0,0.001,23.20
cell,0,optimizer_42,Optimizer,post,,,0,0,0,0.001,23.20
cell,0,optimizer_43,Optimizer,post,,,0,0,0,0.001,23.20
cell,0,optimizer_44,Optimizer,post,,,0,0,0,0.001,23.20
cell,0,optimizer_45,Optimizer,post,,,0,0,0,0.001,23.20
cell,0,optimizer_46,Optimizer,post,,,0,0,0,0.001,23.20
cell,0,optimizer_47,Optimizer,post,,,0,0,0,0.001,23.20
cell,0,optimizer_48,Optimizer,post,,,0,0,0,0.001,23.20
cell,0,optimizer_49,Optimizer,post,,,0,0,0,0.001,23.20
cell,1,optimizer_0,Optimizer,post,,,0,0,0,0.002,23.20
cell,1,optimizer_1,Optimizer,post,,,0,0,0,0.001,23.20
cell,1,optimizer_2,Optimizer,post,,,0,0,0,0.001,23.20
cell,1,optimizer_3,Optimizer,post,,,0,0,0,0.001,23.20
cell,1,optimizer_4,Optimizer,post,,,0,0,0,0.001,23.20
cell,1,optimizer_5,Optimizer,post,,,0,0,0,0.001,23.20
cell,1,optimizer_6,Optimizer,post,,,0,0,0,0.001,23.20
cell,1,optimizer_7,Optimizer,post,,,0,0,0,0.001,23.20
cell,1,optimizer_8,Optimizer,post,,,0,0,0,0.001,23.20
cell,1,optimizer_9,Optimizer,post,,,0,0,0,0.001,23.20
cell,1,optimizer_10,Optimizer,post,,,0,0,0,0.001,23.20
cell,1,optimizer_11,Optimizer,post,,,0,0,0,0.001,23.20
cell,1,optimizer_12,Optimizer,post,,,0,0,0,0.001,23.20
cell,1,optimizer_13,Optimizer,post,,,0,0,0,0.001,23.20
cell,1,optimizer_14,Optimizer,post,,,0,0,0,0.001,23.20
cell,1,optimizer_15,Optimizer,post,,,0,0,0,0.001,23.20
cell,1,optimizer_16,Optimizer,post,,,0,0,0,0.001,23.20
cell,1,optimizer_17,Optimizer,post,,,0,0,0,0.001,23.20
cell,1,optimizer_18,Optimizer,post,,,0,0,0,0.001,23.20
cell,1,optimizer_19,Optimizer,post,,,0,0,0,0.001,23.20
cell,1,optimizer_20,Optimizer,post,,,0,0,0,0.001,23.20
cell,1,optimizer_21,Optimizer,post,,,0,0,0,0.001,23.20
cell,1,optimizer_22,Optimizer,post,,,0,0,0,0.001,23.20
cell,1,optimizer_23,Optimizer,post,,,0,0,0,0.001,23.20
cell,1,optimizer_24,Optimizer,post,,,0,0,0,0.001,23.20
cell,1,optimizer_25,Optimizer,post,,,0,0,0,0.001,23.20
cell,1,optimizer_26,Optimizer,post,,,0,0,0,0.001,23.20
cell,1,optimizer_27,Optimizer,post,,,0,0,0,0.001,23.20
cell,1,optimizer_28,Optimizer,post,,,0,0,0,0.001,23.20
cell,1,optimizer_29,Optimizer,post,,,0,0,0,0.001,23.20
cell,1,optimizer_30,Optimizer,post,,,0,0,0,0.001,23.20
cell,1,optimizer_31,Optimizer,post,,,0,0,0,0.001,23.20
cell,1,optimizer_32,Optimizer,post,,,0,0,0,0.001,23.20
cell,1,optimizer_33,Optimizer,post,,,0,0,0,0.001,23.20
cell,1,optimizer_34,Optimizer,post,,,0,0,0,0.001,23.20
cell,1,optimizer_35,Optimizer,post,,,0,0,0,0.001,23.20
cell,1,optimizer_36,Optimizer,post,,,0,0,0,0.001,23.20
cell,1,optimizer_37,Optimizer,post,,,0,0,0,0.001,23.20
cell,1,optimizer_38,Optimizer,post,,,0,0,0,0.001,23.20
cell,1,optimizer_39,Optimizer,post,,,0,0,0,0.001,23.20
cell,1,optimizer_40,Optimizer,post,,,0,0,0,0.001,23.20
cell,1,optimizer_41,Optimizer,post,,,0,0,0,0.001,23.20
cell,1,optimizer_42,Optimizer,post,,,0,0,0,0.001,23.20
cell,1,optimizer_43,Optimizer,post,,,0,0,0,0.001,23.20
cell,1,optimizer_44,Optimizer,post,,,0,0,0,0.001,23.20
cell,1,optimizer_45,Optimizer,post,,,0,0,0,0.001,23.20
cell,1,optimizer_46,Optimizer,post,,,0,0,0,0.001,23.20
cell,1,optimizer_47,Optimizer,post,,,0,0,0,0.001,23.20
cell,1,optimizer_48,Optimizer,post,,,0,0,0,0.001,23.20
cell,1,optimizer_49,Optimizer,post,,,0,0,0,0.001,23.20
cell,2,optimizer_0,Optimizer,post,,,0,0,0,0.001,23.20
cell,2,optimizer_1,Optimizer,post,,,0,0,0,0.001,23.20
cell,2,optimizer_2,Optimizer,post,,,0,0,0,0.001,23.20
cell,2,optimizer_3,Optimizer,post,,,0,0,0,0.001,23.20
cell,2,optimizer_4,Optimizer,post,,,0,0,0,0.001,23.20
cell,2,optimizer_5,Optimizer,post,,,0,0,0,0.001,23.20
cell,2,optimizer_6,Optimizer,post,,,0,0,0,0.001,23.20
cell,2,optimizer_7,Optimizer,post,,,0,0,0,0.001,23.20
cell,2,optimizer_8,Optimizer,post,,,0,0,0,0.001,23.20
cell,2,optimizer_9,Optimizer,post,,,0,0,0,0.001,23.20
cell,2,optimizer_10,Optimizer,post,,,0,0,0,0.001,23.20
cell,2,optimizer_11,Optimizer,post,,,0,0,0,0.001,23.20
cell,2,optimizer_12,Optimizer,post,,,0,0,0,0.001,23.20
cell,2,optimizer_13,Optimizer,post,,,0,0,0,0.001,23.20
cell,2,optimizer_14,Optimizer,post,,,0,0,0,0.001,23.20
cell,2,optimizer_15,Optimizer,post,,,0,0,0,0.001,23.20
cell,2,optimizer_16,Optimizer,post,,,0,0,0,0.001,23.20
cell,2,optimizer_17,Optimizer,post,,,0,0,0,0.001,23.20
cell,2,optimizer_18,Optimizer,post,,,0,0,0,0.001,23.20
cell,2,optimizer_19,Optimizer,post,,,0,0,0,0.001,23.20
cell,2,optimizer_20,Optimizer,post,,,0,0,0,0.001,23.20
cell,2,optimizer_21,Optimizer,post,,,0,0,0,0.001,23.20
cell,2,optimizer_22,Optimizer,post,,,0,0,0,0.001,23.20
cell,2,optimizer_23,Optimizer,post,,,0,0,0,0.001,23.20
cell,2,optimizer_24,Optimizer,post,,,0,0,0,0.001,23.20
cell,2,optimizer_25,Optimizer,post,,,0,0,0,0.001,23.20
cell,2,optimizer_26,Optimizer,post,,,0,0,0,0.001,23.20
cell,2,optimizer_27,Optimizer,post,,,0,0,0,0.001,23.20
cell,2,optimizer_28,Optimizer,post,,,0,0,0,0.001,23.20
cell,2,optimizer_29,Optimizer,post,,,0,0,0,0.001,23.20
cell,2,optimizer_30,Optimizer,post,,,0,0,0,0.001,23.20
cell,2,optimizer_31,Optimizer,post,,,0,0,0,0.001,23.20
cell,2,optimizer_32,Optimizer,post,,,0,0,0,0.001,23.20
cell,2,optimizer_33,Optimizer,post,,,0,0,0,0.001,23.20
cell,2,optimizer_34,Optimizer,post,,,0,0,0,0.001,23.20
cell,2,optimizer_35,Optimizer,post,,,0,0,0,0.001,23.20
cell,2,optimizer_36,Optimizer,post,,,0,0,0,0.001,23.20
cell,2,optimizer_37,Optimizer,post,,,0,0,0,0.001,23.20
cell,2,optimizer_38,Optimizer,post,,,0,0,0,0.001,23.20
cell,2,optimizer_39,Optimizer,post,,,0,0,0,0.001,23.20
cell,2,optimizer_40,Optimizer,post,,,0,0,0,0.001,23.20
cell,2,optimizer_41,Optimizer,post,,,0,0,0,0.001,23.20
cell,2,optimizer_42,Optimizer,post,,,0,0,0,0.001,23.20
cell,2,optimizer_43,Optimizer,post,,,0,0,0,0.001,23.20
cell,2,optimizer_44,Optimizer,post,,,0,0,0,0.001,23.20
cell,2,optimizer_45,Optimizer,post,,,0,0,0,0.001,23.20
cell,2,optimizer_46,Optimizer,post,,,0,0,0,0.001,23.20
cell,2,optimizer_47,Optimizer,post,,,0,0,0,0.001,23.20
cell,2,optimizer_48,Optimizer,post,,,0,0,0,0.001,23.20
cell,2,optimizer_49,Optimizer,post,,,0,0,0,0.001,23.20
cell,3,optimizer_0,Optimizer,post,,,0,0,0,0.001,23.22
cell,3,optimizer_1,Optimizer,post,,,0,0,0,0.001,23.22
cell,3,optimizer_2,Optimizer,post,,,0,0,0,0.001,23.22
cell,3,optimizer_3,Optimizer,post,,,0,0,0,0.001,23.22
cell,3,optimizer_4,Optimizer,post,,,0,0,0,0.001,23.22
cell,3,optimizer_5,Optimizer,post,,,0,0,0,0.001,23.22
cell,3,optimizer_6,Optimizer,post,,,0,0,0,0.001,23.22
cell,3,optimizer_7,Optimizer,post,,,0,0,0,0.001,23.22
cell,3,optimizer_8,Optimizer,post,,,0,0,0,0.001,23.22
cell,3,optimizer_9,Optimizer,post,,,0,0,0,0.001,23.22
cell,3,optimizer_10,Optimizer,post,,,0,0,0,0.001,23.22
cell,3,optimizer_11,Optimizer,post,,,0,0,0,0.001,23.22
cell,3,optimizer_12,Optimizer,post,,,0,0,0,0.001,23.22
cell,3,optimizer_13,Optimizer,post,,,0,0,0,0.001,23.22
cell,3,optimizer_14,Optimizer,post,,,0,0,0,0.001,23.22
cell,3,optimizer_15,Optimizer,post,,,0,0,0,0.001,23.22
cell,3,optimizer_16,Optimizer,post,,,0,0,0,0.001,23.22
cell,3,optimizer_17,Optimizer,post,,,0,0,0,0.001,23.22
cell,3,optimizer_18,Optimizer,post,,,0,0,0,0.001,23.22
cell,3,optimizer_19,Optimizer,post,,,0,0,0,0.001,23.22
cell,3,optimizer_20,Optimizer,post,,,0,0,0,0.001,23.22
cell,3,optimizer_21,Optimizer,post,,,0,0,0,0.001,23.22
cell,3,optimizer_22,Optimizer,post,,,0,0,0,0.001,23.22
cell,3,optimizer_23,Optimizer,post,,,0,0,0,0.001,23.22
cell,3,optimizer_24,Optimizer,post,,,0,0,0,0.001,23.22
cell,3,optimizer_25,Optimizer,post,,,0,0,0,0.001,23.22
cell,3,optimizer_26,Optimizer,post,,,0,0,0,0.001,23.22
cell,3,optimizer_27,Optimizer,post,,,0,0,0,0.001,23.22
cell,3,optimizer_28,Optimizer,post,,,0,0,0,0.001,23.22
cell,3,optimizer_29,Optimizer,post,,,0,0,0,0.001,23.22
cell,3,optimizer_30,Optimizer,post,,,0,0,0,0.001,23.22
cell,3,optimizer_31,Optimizer,post,,,0,0,0,0.001,23.22
cell,3,optimizer_32,Optimizer,post,,,0,0,0,0.001,23.22
cell,3,optimizer_33,Optimizer,post,,,0,0,0,0.001,23.22
cell,3,optimizer_34,Optimizer,post,,,0,0,0,0.001,23.22
cell,3,optimizer_35,Optimizer,post,,,0,0,0,0.001,23.22
cell,3,optimizer_36,Optimizer,post,,,0,0,0,0.001,23.22
cell,3,optimizer_37,Optimizer,post,,,0,0,0,0.001,23.22
cell,3,optimizer_38,Optimizer,post,,,0,0,0,0.001,23.22
cell,3,optimizer_39,Optimizer,post,,,0,0,0,0.001,23.22
cell,3,optimizer_40,Optimizer,post,,,0,0,0,0.001,23.22
cell,3,optimizer_41,Optimizer,post,,,0,0,0,0.001,23.22
cell,3,optimizer_42,Optimizer,post,,,0,0,0,0.001,23.22
cell,3,optimizer_43,Optimizer,post,,,0,0,0,0.001,23.22
cell,3,optimizer_44,Optimizer,post,,,0,0,0,0.001,23.22
cell,3,optimizer_45,Optimizer,post,,,0,0,0,0.001,23.22
cell,3,optimizer_46,Optimizer,post,,,0,0,0,0.001,23.22
cell,3,optimizer_47,Optimizer,post,,,0,0,0,0.001,23.22
cell,3,optimizer_48,Optimizer,post,,,0,0,0,0.001,23.22
cell,3,optimizer_49,Optimizer,post,,,0,0,0,0.001,23.22
cell,4,optimizer_0,Optimizer,post,,,0,0,0,0.001,23.22
cell,4,optimizer_1,Optimizer,post,,,0,0,0,0.001,23.22
cell,4,optimizer_2,Optimizer,post,,,0,0,0,0.001,23.22
cell,4,optimizer_3,Optimizer,post,,,0,0,0,0.001,23.22
cell,4,optimizer_4,Optimizer,post,,,0,0,0,0.001,23.22
cell,4,optimizer_5,Optimizer,post,,,0,0,0,0.001,23.22
cell,4,optimizer_6,Optimizer,post,,,0,0,0,0.001,23.22
cell,4,optimizer_7,Optimizer,post,,,0,0,0,0.001,23.22
cell,4,optimizer_8,Optimizer,post,,,0,0,0,0.001,23.22
cell,4,optimizer_9,Optimizer,post,,,0,0,0,0.001,23.22
cell,4,optimizer_10,Optimizer,post,,,0,0,0,0.001,23.22
cell,4,optimizer_11,Optimizer,post,,,0,0,0,0.001,23.22
cell,4,optimizer_12,Optimizer,post,,,0,0,0,0.001,23.22
cell,4,optimizer_13,Optimizer,post,,,0,0,0,0.001,23.22
cell,4,optimizer_14,Optimizer,post,,,0,0,0,0.001,23.22
cell,4,optimizer_15,Optimizer,post,,,0,0,0,0.001,23.22
cell,4,optimizer_16,Optimizer,post,,,0,0,0,0.001,23.22
cell,4,optimizer_17,Optimizer,post,,,0,0,0,0.001,23.22
cell,4,optimizer_18,Optimizer,post,,,0,0,0,0.001,23.22
cell,4,optimizer_19,Optimizer,post,,,0,0,0,0.001,23.22
cell,4,optimizer_20,Optimizer,post,,,0,0,0,0.001,23.22
cell,4,optimizer_21,Optimizer,post,,,0,0,0,0.001,23.22
cell,4,optimizer_22,Optimizer,post,,,0,0,0,0.001,23.22
cell,4,optimizer_23,Optimizer,post,,,0,0,0,0.001,23.22
cell,4,optimizer_24,Optimizer,post,,,0,0,0,0.001,23.22
cell,4,optimizer_25,Optimizer,post,,,0,0,0,0.001,23.22
cell,4,optimizer_26,Optimizer,post,,,0,0,0,0.001,23.22
cell,4,optimizer_27,Optimizer,post,,,0,0,0,0.001,23.22
cell,4,optimizer_28,Optimizer,post,,,0,0,0,0.001,23.22
cell,4,optimizer_29,Optimizer,post,,,0,0,0,0.001,23.22
cell,4,optimizer_30,Optimizer,post,,,0,0,0,0.001,23.22
cell,4,optimizer_31,Optimizer,post,,,0,0,0,0.001,23.22
cell,4,optimizer_32,Optimizer,post,,,0,0,0,0.001,23.22
cell,4,optimizer_33,Optimizer,post,,,0,0,0,0.001,23.22
cell,4,optimizer_34,Optimizer,post,,,0,0,0,0.001,23.22
cell,4,optimizer_35,Optimizer,post,,,0,0,0,0.001,23.22
cell,4,optimizer_36,Optimizer,post,,,0,0,0,0.001,23.22
cell,4,optimizer_37,Optimizer,post,,,0,0,0,0.001,23.22
cell,4,optimizer_38,Optimizer,post,,,0,0,0,0.001,23.22
cell,4,optimizer_39,Optimizer,post,,,0,0,0,0.001,23.22
cell,4,optimizer_40,Optimizer,post,,,0,0,0,0.001,23.22
cell,4,optimizer_41,Optimizer,post,,,0,0,0,0.001,23.22
cell,4,optimizer_42,Optimizer,post,,,0,0,0,0.001,23.22
cell,4,optimizer_43,Optimizer,post,,,0,0,0,0.001,23.22
cell,4,optimizer_44,Optimizer,post,,,0,0,0,0.001,23.22
cell,4,optimizer_45,Optimizer,post,,,0,0,0,0.001,23.22
cell,4,optimizer_46,Optimizer,post,,,0,0,0,0.001,23.22
cell,4,optimizer_47,Optimizer,post,,,0,0,0,0.001,23.22
cell,4,optimizer_48,Optimizer,post,,,0,0,0,0.001,23.22
cell,4,optimizer_49,Optimizer,post,,,0,0,0,0.001,23.22
cell,5,optimizer_0,Optimizer,post,,,0,0,0,0.001,23.22
cell,5,optimizer_1,Optimizer,post,,,0,0,0,0.001,23.22
cell,5,optimizer_2,Optimizer,post,,,0,0,0,0.001,23.22
cell,5,optimizer_3,Optimizer,post,,,0,0,0,0.001,23.22
cell,5,optimizer_4,Optimizer,post,,,0,0,0,0.001,23.22
cell,5,optimizer_5,Optimizer,post,,,0,0,0,0.001,23.22
cell,5,optimizer_6,Optimizer,post,,,0,0,0,0.001,23.22
cell,5,optimizer_7,Optimizer,post,,,0,0,0,0.001,23.22
cell,5,optimizer_8,Optimizer,post,,,0,0,0,0.001,23.22
cell,5,optimizer_9,Optimizer,post,,,0,0,0,0.001,23.22
cell,5,optimizer_10,Optimizer,post,,,0,0,0,0.001,23.22
cell,5,optimizer_11,Optimizer,post,,,0,0,0,0.001,23.22
cell,5,optimizer_12,Optimizer,post,,,0,0,0,0.001,23.22
cell,5,optimizer_13,Optimizer,post,,,0,0,0,0.001,23.22
cell,5,optimizer_14,Optimizer,post,,,0,0,0,0.001,23.22
cell,5,optimizer_15,Optimizer,post,,,0,0,0,0.001,23.22
cell,5,optimizer_16,Optimizer,post,,,0,0,0,0.001,23.22
cell,5,optimizer_17,Optimizer,post,,,0,0,0,0.001,23.22
cell,5,optimizer_18,Optimizer,post,,,0,0,0,0.001,23.22
cell,5,optimizer_19,Optimizer,post,,,0,0,0,0.001,23.22
cell,5,optimizer_20,Optimizer,post,,,0,0,0,0.001,23.22
cell,5,optimizer_21,Optimizer,post,,,0,0,0,0.001,23.22
cell,5,optimizer_22,Optimizer,post,,,0,0,0,0.001,23.22
cell,5,optimizer_23,Optimizer,post,,,0,0,0,0.001,23.22
cell,5,optimizer_24,Optimizer,post,,,0,0,0,0.001,23.22
cell,5,optimizer_25,Optimizer,post,,,0,0,0,0.001,23.22
cell,5,optimizer_26,Optimizer,post,,,0,0,0,0.001,23.22
cell,5,optimizer_27,Optimizer,post,,,0,0,0,0.001,23.22
cell,5,optimizer_28,Optimizer,post,,,0,0,0,0.001,23.22
cell,5,optimizer_29,Optimizer,post,,,0,0,0,0.001,23.22
cell,5,optimizer_30,Optimizer,post,,,0,0,0,0.001,23.22
cell,5,optimizer_31,Optimizer,post,,,0,0,0,0.001,23.22
cell,5,optimizer_32,Optimizer,post,,,0,0,0,0.001,23.22
cell,5,optimizer_33,Optimizer,post,,,0,0,0,0.001,23.22
cell,5,optimizer_34,Optimizer,post,,,0,0,0,0.001,23.22
cell,5,optimizer_35,Optimizer,post,,,0,0,0,0.001,23.22
cell,5,optimizer_36,Optimizer,post,,,0,0,0,0.001,23.22
cell,5,optimizer_37,Optimizer,post,,,0,0,0,0.001,23.22
cell,5,optimizer_38,Optimizer,post,,,0,0,0,0.001,23.22
cell,5,optimizer_39,Optimizer,post,,,0,0,0,0.001,23.22
cell,5,optimizer_40,Optimizer,post,,,0,0,0,0.001,23.22
cell,5,optimizer_41,Optimizer,post,,,0,0,0,0.001,23.22
cell,5,optimizer_42,Optimizer,post,,,0,0,0,0.001,23.22
cell,5,optimizer_43,Optimizer,post,,,0,0,0,0.001,23.22
cell,5,optimizer_44,Optimizer,post,,,0,0,0,0.001,23.22
cell,5,optimizer_45,Optimizer,post,,,0,0,0,0.001,23.22
cell,5,optimizer_46,Optimizer,post,,,0,0,0,0.001,23.22
cell,5,optimizer_47,Optimizer,post,,,0,0,0,0.001,23.22
cell,5,optimizer_48,Optimizer,post,,,0,0,0,0.001,23.22
cell,5,optimizer_49,Optimizer,post,,,0,0,0,0.001,23.22
cell,6,optimizer_0,Optimizer,post,,,0,0,0,0.001,23.23
cell,6,optimizer_1,Optimizer,post,,,0,0,0,0.001,23.23
cell,6,optimizer_2,Optimizer,post,,,0,0,0,0.001,23.23
cell,6,optimizer_3,Optimizer,post,,,0,0,0,0.001,23.23
cell,6,optimizer_4,Optimizer,post,,,0,0,0,0.001,23.23
cell,6,optimizer_5,Optimizer,post,,,0,0,0,0.001,23.23
cell,6,optimizer_6,Optimizer,post,,,0,0,0,0.001,23.23
cell,6,optimizer_7,Optimizer,post,,,0,0,0,0.001,23.23
cell,6,optimizer_8,Optimizer,post,,,0,0,0,0.001,23.23
cell,6,optimizer_9,Optimizer,post,,,0,0,0,0.001,23.23
cell,6,optimizer_10,Optimizer,post,,,0,0,0,0.001,23.23
cell,6,optimizer_11,Optimizer,post,,,0,0,0,0.001,23.23
cell,6,optimizer_12,Optimizer,post,,,0,0,0,0.001,23.23
cell,6,optimizer_13,Optimizer,post,,,0,0,0,0.001,23.23
cell,6,optimizer_14,Optimizer,post,,,0,0,0,0.001,23.23
cell,6,optimizer_15,Optimizer,post,,,0,0,0,0.001,23.23
cell,6,optimizer_16,Optimizer,post,,,0,0,0,0.001,23.23
cell,6,optimizer_17,Optimizer,post,,,0,0,0,0.001,23.23
cell,6,optimizer_18,Optimizer,post,,,0,0,0,0.001,23.23
cell,6,optimizer_19,Optimizer,post,,,0,0,0,0.001,23.23
cell,6,optimizer_20,Optimizer,post,,,0,0,0,0.001,23.23
cell,6,optimizer_21,Optimizer,post,,,0,0,0,0.001,23.23
cell,6,optimizer_22,Optimizer,post,,,0,0,0,0.001,23.23
cell,6,optimizer_23,Optimizer,post,,,0,0,0,0.001,23.23
cell,6,optimizer_24,Optimizer,post,,,0,0,0,0.001,23.23
cell,6,optimizer_25,Optimizer,post,,,0,0,0,0.001,23.23
cell,6,optimizer_26,Optimizer,post,,,0,0,0,0.001,23.23
cell,6,optimizer_27,Optimizer,post,,,0,0,0,0.001,23.23
cell,6,optimizer_28,Optimizer,post,,,0,0,0,0.001,23.23
cell,6,optimizer_29,Optimizer,post,,,0,0,0,0.001,23.23
cell,6,optimizer_30,Optimizer,post,,,0,0,0,0.001,23.23
cell,6,optimizer_31,Optimizer,post,,,0,0,0,0.001,23.23
cell,6,optimizer_32,Optimizer,post,,,0,0,0,0.001,23.23
cell,6,optimizer_33,Optimizer,post,,,0,0,0,0.001,23.23
cell,6,optimizer_34,Optimizer,post,,,0,0,0,0.001,23.23
cell,6,optimizer_35,Optimizer,post,,,0,0,0,0.001,23.23
cell,6,optimizer_36,Optimizer,post,,,0,0,0,0.001,23.23
cell,6,optimizer_37,Optimizer,post,,,0,0,0,0.001,23.23
cell,6,optimizer_38,Optimizer,post,,,0,0,0,0.001,23.23
cell,6,optimizer_39,Optimizer,post,,,0,0,0,0.001,23.23
cell,6,optimizer_40,Optimizer,post,,,0,0,0,0.001,23.23
cell,6,optimizer_41,Optimizer,post,,,0,0,0,0.001,23.23
cell,6,optimizer_42,Optimizer,post,,,0,0,0,0.001,23.23
cell,6,optimizer_43,Optimizer,post,,,0,0,0,0.001,23.23
cell,6,optimizer_44,Optimizer,post,,,0,0,0,0.040,23.23
cell,6,optimizer_45,Optimizer,post,,,0,0,0,0.001,23.23
cell,6,optimizer_46,Optimizer,post,,,0,0,0,0.001,23.23
cell,6,optimizer_47,Optimizer,post,,,0,0,0,0.001,23.23
cell,6,optimizer_48,Optimizer,post,,,0,0,0,0.001,23.23
cell,6,optimizer_49,Optimizer,post,,,0,0,0,0.001,23.23
cell,7,optimizer_0,Optimizer,post,,,0,0,0,0.001,23.23
cell,7,optimizer_1,Optimizer,post,,,0,0,0,0.001,23.23
cell,7,optimizer_2,Optimizer,post,,,0,0,0,0.001,23.23
cell,7,optimizer_3,Optimizer,post,,,0,0,0,0.001,23.23
cell,7,optimizer_4,Optimizer,post,,,0,0,0,0.001,23.23
cell,7,optimizer_5,Optimizer,post,,,0,0,0,0.001,23.23
cell,7,optimizer_6,Optimizer,post,,,0,0,0,0.001,23.23
cell,7,optimizer_7,Optimizer,post,,,0,0,0,0.001,23.23
cell,7,optimizer_8,Optimizer,post,,,0,0,0,0.001,23.23
cell,7,optimizer_9,Optimizer,post,,,0,0,0,0.001,23.23
cell,7,optimizer_10,Optimizer,post,,,0,0,0,0.001,23.23
cell,7,optimizer_11,Optimizer,post,,,0,0,0,0.001,23.23
cell,7,optimizer_12,Optimizer,post,,,0,0,0,0.001,23.23
cell,7,optimizer_13,Optimizer,post,,,0,0,0,0.001,23.23
cell,7,optimizer_14,Optimizer,post,,,0,0,0,0.001,23.23
cell,7,optimizer_15,Optimizer,post,,,0,0,0,0.001,23.23
cell,7,optimizer_16,Optimizer,post,,,0,0,0,0.001,23.23
cell,7,optimizer_17,Optimizer,post,,,0,0,0,0.001,23.23
cell,7,optimizer_18,Optimizer,post,,,0,0,0,0.001,23.23
cell,7,optimizer_19,Optimizer,post,,,0,0,0,0.001,23.23
cell,7,optimizer_20,Optimizer,post,,,0,0,0,0.001,23.23
cell,7,optimizer_21,Optimizer,post,,,0,0,0,0.001,23.23
cell,7,optimizer_22,Optimizer,post,,,0,0,0,0.001,23.23
cell,7,optimizer_23,Optimizer,post,,,0,0,0,0.001,23.23
cell,7,optimizer_24,Optimizer,post,,,0,0,0,0.001,23.23
cell,7,optimizer_25,Optimizer,post,,,0,0,0,0.001,23.23
cell,7,optimizer_26,Optimizer,post,,,0,0,0,0.001,23.23
cell,7,optimizer_27,Optimizer,post,,,0,0,0,0.001,23.23
cell,7,optimizer_28,Optimizer,post,,,0,0,0,0.001,23.23
cell,7,optimizer_29,Optimizer,post,,,0,0,0,0.001,23.23
cell,7,optimizer_30,Optimizer,post,,,0,0,0,0.001,23.23
cell,7,optimizer_31,Optimizer,post,,,0,0,0,0.001,23.23
cell,7,optimizer_32,Optimizer,post,,,0,0,0,0.001,23.23
cell,7,optimizer_33,Optimizer,post,,,0,0,0,0.001,23.23
cell,7,optimizer_34,Optimizer,post,,,0,0,0,0.001,23.23
cell,7,optimizer_35,Optimizer,post,,,0,0,0,0.001,23.23
cell,7,optimizer_36,Optimizer,post,,,0,0,0,0.001,23.23
cell,7,optimizer_37,Optimizer,post,,,0,0,0,0.001,23.23
cell,7,optimizer_38,Optimizer,post,,,0,0,0,0.001,23.23
cell,7,optimizer_39,Optimizer,post,,,0,0,0,0.001,23.23
cell,7,optimizer_40,Optimizer,post,,,0,0,0,0.001,23.23
cell,7,optimizer_41,Optimizer,post,,,0,0,0,0.001,23.23
cell,7,optimizer_42,Optimizer,post,,,0,0,0,0.001,23.23
cell,7,optimizer_43,Optimizer,post,,,0,0,0,0.001,23.23
cell,7,optimizer_44,Optimizer,post,,,0,0,0,0.001,23.23
cell,7,optimizer_45,Optimizer,post,,,0,0,0,0.001,23.23
cell,7,optimizer_46,Optimizer,post,,,0,0,0,0.001,23.23
cell,7,optimizer_47,Optimizer,post,,,0,0,0,0.001,23.23
cell,7,optimizer_48,Optimizer,post,,,0,0,0,0.001,23.23
cell,7,optimizer_49,Optimizer,post,,,0,0,0,0.001,23.23
cell,8,optimizer_0,Optimizer,post,,,0,0,0,0.001,23.23
cell,8,optimizer_1,Optimizer,post,,,0,0,0,0.001,23.23
cell,8,optimizer_2,Optimizer,post,,,0,0,0,0.001,23.23
cell,8,optimizer_3,Optimizer,post,,,0,0,0,0.001,23.23
cell,8,optimizer_4,Optimizer,post,,,0,0,0,0.001,23.23
cell,8,optimizer_5,Optimizer,post,,,0,0,0,0.001,23.23
cell,8,optimizer_6,Optimizer,post,,,0,0,0,0.001,23.23
cell,8,optimizer_7,Optimizer,post,,,0,0,0,0.001,23.23
cell,8,optimizer_8,Optimizer,post,,,0,0,0,0.001,23.23
cell,8,optimizer_9,Optimizer,post,,,0,0,0,0.001,23.23
cell,8,optimizer_10,Optimizer,post,,,0,0,0,0.001,23.23
cell,8,optimizer_11,Optimizer,post,,,0,0,0,0.001,23.23
cell,8,optimizer_12,Optimizer,post,,,0,0,0,0.001,23.23
cell,8,optimizer_13,Optimizer,post,,,0,0,0,0.001,23.23
cell,8,optimizer_14,Optimizer,post,,,0,0,0,0.001,23.23
cell,8,optimizer_15,Optimizer,post,,,0,0,0,0.001,23.23
cell,8,optimizer_16,Optimizer,post,,,0,0,0,0.001,23.23
cell,8,optimizer_17,Optimizer,post,,,0,0,0,0.001,23.23
cell,8,optimizer_18,Optimizer,post,,,0,0,0,0.001,23.23
cell,8,optimizer_19,Optimizer,post,,,0,0,0,0.001,23.23
cell,8,optimizer_20,Optimizer,post,,,0,0,0,0.001,23.23
cell,8,optimizer_21,Optimizer,post,,,0,0,0,0.001,23.23
cell,8,optimizer_22,Optimizer,post,,,0,0,0,0.001,23.23
cell,8,optimizer_23,Optimizer,post,,,0,0,0,0.001,23.23
cell,8,optimizer_24,Optimizer,post,,,0,0,0,0.001,23.23
cell,8,optimizer_25,Optimizer,post,,,0,0,0,0.001,23.23
cell,8,optimizer_26,Optimizer,post,,,0,0,0,0.001,23.23
cell,8,optimizer_27,Optimizer,post,,,0,0,0,0.001,23.23
cell,8,optimizer_28,Optimizer,post,,,0,0,0,0.001,23.23
cell,8,optimizer_29,Optimizer,post,,,0,0,0,0.001,23.23
cell,8,optimizer_30,Optimizer,post,,,0,0,0,0.001,23.23
cell,8,optimizer_31,Optimizer,post,,,0,0,0,0.001,23.23
cell,8,optimizer_32,Optimizer,post,,,0,0,0,0.001,23.23
cell,8,optimizer_33,Optimizer,post,,,0,0,0,0.001,23.23
cell,8,optimizer_34,Optimizer,post,,,0,0,0,0.001,23.23
cell,8,optimizer_35,Optimizer,post,,,0,0,0,0.001,23.23
cell,8,optimizer_36,Optimizer,post,,,0,0,0,0.001,23.23
cell,8,optimizer_37,Optimizer,post,,,0,0,0,0.001,23.23
cell,8,optimizer_38,Optimizer,post,,,0,0,0,0.001,23.23
cell,8,optimizer_39,Optimizer,post,,,0,0,0,0.001,23.23
cell,8,optimizer_40,Optimizer,post,,,0,0,0,0.001,23.23
cell,8,optimizer_41,Optimizer,post,,,0,0,0,0.001,23.23
cell,8,optimizer_42,Optimizer,post,,,0,0,0,0.001,23.23
cell,8,optimizer_43,Optimizer,post,,,0,0,0,0.001,23.23
cell,8,optimizer_44,Optimizer,post,,,0,0,0,0.001,23.23
cell,8,optimizer_45,Optimizer,post,,,0,0,0,0.001,23.23
cell,8,optimizer_46,Optimizer,post,,,0,0,0,0.001,23.23
cell,8,optimizer_47,Optimizer,post,,,0,0,0,0.001,23.23
cell,8,optimizer_48,Optimizer,post,,,0,0,0,0.001,23.23
cell,8,optimizer_49,Optimizer,post,,,0,0,0,0.001,23.23
cell,9,optimizer_0,Optimizer,post,,,0,0,0,0.001,23.25
cell,9,optimizer_1,Optimizer,post,,,0,0,0,0.001,23.25
cell,9,optimizer_2,Optimizer,post,,,0,0,0,0.001,23.25
cell,9,optimizer_3,Optimizer,post,,,0,0,0,0.001,23.25
cell,9,optimizer_4,Optimizer,post,,,0,0,0,0.001,23.25
cell,9,optimizer_5,Optimizer,post,,,0,0,0,0.001,23.25
cell,9,optimizer_6,Optimizer,post,,,0,0,0,0.001,23.25
cell,9,optimizer_7,Optimizer,post,,,0,0,0,0.001,23.25
cell,9,optimizer_8,Optimizer,post,,,0,0,0,0.001,23.25
cell,9,optimizer_9,Optimizer,post,,,0,0,0,0.001,23.25
cell,9,optimizer_10,Optimizer,post,,,0,0,0,0.001,23.25
cell,9,optimizer_11,Optimizer,post,,,0,0,0,0.001,23.25
cell,9,optimizer_12,Optimizer,post,,,0,0,0,0.001,23.25
cell,9,optimizer_13,Optimizer,post,,,0,0,0,0.001,23.25
cell,9,optimizer_14,Optimizer,post,,,0,0,0,0.001,23.25
cell,9,optimizer_15,Optimizer,post,,,0,0,0,0.001,23.25
cell,9,optimizer_16,Optimizer,post,,,0,0,0,0.001,23.25
cell,9,optimizer_17,Optimizer,post,,,0,0,0,0.001,23.25
cell,9,optimizer_18,Optimizer,post,,,0,0,0,0.001,23.25
cell,9,optimizer_19,Optimizer,post,,,0,0,0,0.052,23.25
cell,9,optimizer_20,Optimizer,post,,,0,0,0,0.001,23.25
cell,9,optimizer_21,Optimizer,post,,,0,0,0,0.001,23.25
cell,9,optimizer_22,Optimizer,post,,,0,0,0,0.001,23.25
cell,9,optimizer_23,Optimizer,post,,,0,0,0,0.001,23.25
cell,9,optimizer_24,Optimizer,post,,,0,0,0,0.001,23.25
cell,9,optimizer_25,Optimizer,post,,,0,0,0,0.001,23.25
cell,9,optimizer_26,Optimizer,post,,,0,0,0,0.001,23.25
cell,9,optimizer_27,Optimizer,post,,,0,0,0,0.001,23.25
cell,9,optimizer_28,Optimizer,post,,,0,0,0,0.001,23.25
cell,9,optimizer_29,Optimizer,post,,,0,0,0,0.001,23.25
cell,9,optimizer_30,Optimizer,post,,,0,0,0,0.001,23.25
cell,9,optimizer_31,Optimizer,post,,,0,0,0,0.001,23.25
cell,9,optimizer_32,Optimizer,post,,,0,0,0,0.001,23.25
cell,9,optimizer_33,Optimizer,post,,,0,0,0,0.001,23.25
cell,9,optimizer_34,Optimizer,post,,,0,0,0,0.001,23.25
cell,9,optimizer_35,Optimizer,post,,,0,0,0,0.001,23.25
cell,9,optimizer_36,Optimizer,post,,,0,0,0,0.001,23.25
cell,9,optimizer_37,Optimizer,post,,,0,0,0,0.001,23.25
cell,9,optimizer_38,Optimizer,post,,,0,0,0,0.001,23.25
cell,9,optimizer_39,Optimizer,post,,,0,0,0,0.001,23.25
cell,9,optimizer_40,Optimizer,post,,,0,0,0,0.001,23.25
cell,9,optimizer_41,Optimizer,post,,,0,0,0,0.001,23.25
cell,9,optimizer_42,Optimizer,post,,,0,0,0,0.001,23.25
cell,9,optimizer_43,Optimizer,post,,,0,0,0,0.001,23.25
cell,9,optimizer_44,Optimizer,post,,,0,0,0,0.001,23.25
cell,9,optimizer_45,Optimizer,post,,,0,0,0,0.001,23.25
cell,9,optimizer_46,Optimizer,post,,,0,0,0,0.001,23.25
cell,9,optimizer_47,Optimizer,post,,,0,0,0,0.001,23.25
cell,9,optimizer_48,Optimizer,post,,,0,0,0,0.001,23.25
cell,9,optimizer_49,Optimizer,post,,,0,0,0,0.001,23.25
cell,10,optimizer_0,Optimizer,post,,,0,0,0,0.002,23.25
cell,10,optimizer_1,Optimizer,post,,,0,0,0,0.002,23.25
cell,10,optimizer_2,Optimizer,post,,,0,0,0,0.001,23.25
cell,10,optimizer_3,Optimizer,post,,,0,0,0,0.001,23.25
cell,10,optimizer_4,Optimizer,post,,,0,0,0,0.002,23.25
cell,10,optimizer_5,Optimizer,post,,,0,0,0,0.002,23.25
cell,10,optimizer_6,Optimizer,post,,,0,0,0,0.002,23.25
cell,10,optimizer_7,Optimizer,post,,,0,0,0,0.001,23.25
cell,10,optimizer_8,Optimizer,post,,,0,0,0,0.002,23.25
cell,10,optimizer_9,Optimizer,post,,,0,0,0,0.001,23.25
cell,10,optimizer_10,Optimizer,post,,,0,0,0,0.002,23.25
cell,10,optimizer_11,Optimizer,post,,,0,0,0,0.001,23.25
cell,10,optimizer_12,Optimizer,post,,,0,0,0,0.002,23.25
cell,10,optimizer_13,Optimizer,post,,,0,0,0,0.002,23.25
cell,10,optimizer_14,Optimizer,post,,,0,0,0,0.002,23.25
cell,10,optimizer_15,Optimizer,post,,,0,0,0,0.001,23.25
cell,10,optimizer_16,Optimizer,post,,,0,0,0,0.002,23.25
cell,10,optimizer_17,Optimizer,post,,,0,0,0,0.001,23.25
cell,10,optimizer_18,Optimizer,post,,,0,0,0,0.001,23.25
cell,10,optimizer_19,Optimizer,post,,,0,0,0,0.001,23.25
cell,10,optimizer_20,Optimizer,post,,,0,0,0,0.002,23.25
cell,10,optimizer_21,Optimizer,post,,,0,0,0,0.002,23.25
cell,10,optimizer_22,Optimizer,post,,,0,0,0,0.002,23.25
cell,10,optimizer_23,Optimizer,post,,,0,0,0,0.002,23.25
cell,10,optimizer_24,Optimizer,post,,,0,0,0,0.002,23.25
cell,10,optimizer_25,Optimizer,post,,,0,0,0,0.002,23.25
cell,10,optimizer_26,Optimizer,post,,,0,0,0,0.002,23.25
cell,10,optimizer_27,Optimizer,post,,,0,0,0,0.001,23.25
cell,10,optimizer_28,Optimizer,post,,,0,0,0,0.002,23.25
cell,10,optimizer_29,Optimizer,post,,,0,0,0,0.002,23.25
cell,10,optimizer_30,Optimizer,post,,,0,0,0,0.002,23.25
cell,10,optimizer_31,Optimizer,post,,,0,0,0,0.001,23.25
cell,10,optimizer_32,Optimizer,post,,,0,0,0,0.002,23.25
cell,10,optimizer_33,Optimizer,post,,,0,0,0,0.002,23.25
cell,10,optimizer_34,Optimizer,post,,,0,0,0,0.002,23.25
cell,10,optimizer_35,Optimizer,post,,,0,0,0,0.002,23.25
cell,10,optimizer_36,Optimizer,post,,,0,0,0,0.002,23.25
cell,10,optimizer_37,Optimizer,post,,,0,0,0,0.001,23.25
cell,10,optimizer_38,Optimizer,post,,,0,0,0,0.002,23.25
cell,10,optimizer_39,Optimizer,post,,,0,0,0,0.002,23.25
cell,10,optimizer_40,Optimizer,post,,,0,0,0,0.002,23.25
cell,10,optimizer_41,Optimizer,post,,,0,0,0,0.002,23.25
cell,10,optimizer_42,Optimizer,post,,,0,0,0,0.002,23.25
cell,10,optimizer_43,Optimizer,post,,,0,0,0,0.001,23.25
cell,10,optimizer_44,Optimizer,post,,,0,0,0,0.002,23.25
cell,10,optimizer_45,Optimizer,post,,,0,0,0,0.002,23.25
cell,10,optimizer_46,Optimizer,post,,,0,0,0,0.002,23.25
cell,10,optimizer_47,Optimizer,post,,,0,0,0,0.002,23.25
cell,10,optimizer_48,Optimizer,post,,,0,0,0,0.001,23.25
cell,10,optimizer_49,Optimizer,post,,,0,0,0,0.001,23.25
cell,11,optimizer_0,Optimizer,post,,,0,0,0,0.001,23.25
cell,11,optimizer_1,Optimizer,post,,,0,0,0,0.001,23.25
cell,11,optimizer_2,Optimizer,post,,,0,0,0,0.001,23.25
cell,11,optimizer_3,Optimizer,post,,,0,0,0,0.001,23.25
cell,11,optimizer_4,Optimizer,post,,,0,0,0,0.001,23.25
cell,11,optimizer_5,Optimizer,post,,,0,0,0,0.001,23.25
cell,11,optimizer_6,Optimizer,post,,,0,0,0,0.001,23.25
cell,11,optimizer_7,Optimizer,post,,,0,0,0,0.001,23.25
cell,11,optimizer_8,Optimizer,post,,,0,0,0,0.001,23.25
cell,11,optimizer_9,Optimizer,post,,,0,0,0,0.001,23.25
cell,11,optimizer_10,Optimizer,post,,,0,0,0,0.001,23.25
cell,11,optimizer_11,Optimizer,post,,,0,0,0,0.001,23.25
cell,11,optimizer_12,Optimizer,post,,,0,0,0,0.001,23.25
cell,11,optimizer_13,Optimizer,post,,,0,0,0,0.001,23.25
cell,11,optimizer_14,Optimizer,post,,,0,0,0,0.001,23.25
cell,11,optimizer_15,Optimizer,post,,,0,0,0,0.001,23.25
cell,11,optimizer_16,Optimizer,post,,,0,0,0,0.001,23.25
cell,11,optimizer_17,Optimizer,post,,,0,0,0,0.001,23.25
cell,11,optimizer_18,Optimizer,post,,,0,0,0,0.001,23.25
cell,11,optimizer_19,Optimizer,post,,,0,0,0,0.061,23.25
cell,11,optimizer_20,Optimizer,post,,,0,0,0,0.001,23.25
cell,11,optimizer_21,Optimizer,post,,,0,0,0,0.001,23.25
cell,11,optimizer_22,Optimizer,post,,,0,0,0,0.001,23.25
cell,11,optimizer_23,Optimizer,post,,,0,0,0,0.001,23.25
cell,11,optimizer_24,Optimizer,post,,,0,0,0,0.001,23.25
cell,11,optimizer_25,Optimizer,post,,,0,0,0,0.001,23.25
cell,11,optimizer_26,Optimizer,post,,,0,0,0,0.001,23.25
cell,11,optimizer_27,Optimizer,post,,,0,0,0,0.001,23.25
cell,11,optimizer_28,Optimizer,post,,,0,0,0,0.001,23.25
cell,11,optimizer_29,Optimizer,post,,,0,0,0,0.001,23.25
cell,11,optimizer_30,Optimizer,post,,,0,0,0,0.001,23.25
cell,11,optimizer_31,Optimizer,post,,,0,0,0,0.001,23.25
cell,11,optimizer_32,Optimizer,post,,,0,0,0,0.001,23.25
cell,11,optimizer_33,Optimizer,post,,,0,0,0,0.001,23.25
cell,11,optimizer_34,Optimizer,post,,,0,0,0,0.001,23.25
cell,11,optimizer_35,Optimizer,post,,,0,0,0,0.001,23.25
cell,11,optimizer_36,Optimizer,post,,,0,0,0,0.001,23.25
cell,11,optimizer_37,Optimizer,post,,,0,0,0,0.001,23.25
cell,11,optimizer_38,Optimizer,post,,,0,0,0,0.001,23.25
cell,11,optimizer_39,Optimizer,post,,,0,0,0,0.001,23.25
cell,11,optimizer_40,Optimizer,post,,,0,0,0,0.001,23.25
cell,11,optimizer_41,Optimizer,post,,,0,0,0,0.001,23.25
cell,11,optimizer_42,Optimizer,post,,,0,0,0,0.001,23.25
cell,11,optimizer_43,Optimizer,post,,,0,0,0,0.001,23.25
cell,11,optimizer_44,Optimizer,post,,,0,0,0,0.001,23.25
cell,11,optimizer_45,Optimizer,post,,,0,0,0,0.001,23.25
cell,11,optimizer_46,Optimizer,post,,,0,0,0,0.001,23.25
cell,11,optimizer_47,Optimizer,post,,,0,0,0,0.001,23.25
cell,11,optimizer_48,Optimizer,post,,,0,0,0,0.001,23.25
cell,11,optimizer_49,Optimizer,post,,,0,0,0,0.001,23.25
cell,12,optimizer_0,Optimizer,post,,,0,0,0,0.001,23.25
cell,12,optimizer_1,Optimizer,post,,,0,0,0,0.001,23.25
cell,12,optimizer_2,Optimizer,post,,,0,0,0,0.001,23.25
cell,12,optimizer_3,Optimizer,post,,,0,0,0,0.001,23.25
cell,12,optimizer_4,Optimizer,post,,,0,0,0,0.001,23.25
cell,12,optimizer_5,Optimizer,post,,,0,0,0,0.001,23.25
cell,12,optimizer_6,Optimizer,post,,,0,0,0,0.001,23.25
cell,12,optimizer_7,Optimizer,post,,,0,0,0,0.001,23.25
cell,12,optimizer_8,Optimizer,post,,,0,0,0,0.001,23.25
cell,12,optimizer_9,Optimizer,post,,,0,0,0,0.001,23.25
cell,12,optimizer_10,Optimizer,post,,,0,0,0,0.001,23.25
cell,12,optimizer_11,Optimizer,post,,,0,0,0,0.001,23.25
cell,12,optimizer_12,Optimizer,post,,,0,0,0,0.001,23.25
cell,12,optimizer_13,Optimizer,post,,,0,0,0,0.001,23.25
cell,12,optimizer_14,Optimizer,post,,,0,0,0,0.001,23.25
cell,12,optimizer_15,Optimizer,post,,,0,0,0,0.001,23.25
cell,12,optimizer_16,Optimizer,post,,,0,0,0,0.001,23.25
cell,12,optimizer_17,Optimizer,post,,,0,0,0,0.001,23.25
cell,12,optimizer_18,Optimizer,post,,,0,0,0,0.001,23.25
cell,12,optimizer_19,Optimizer,post,,,0,0,0,0.001,23.25
cell,12,optimizer_20,Optimizer,post,,,0,0,0,0.001,23.25
cell,12,optimizer_21,Optimizer,post,,,0,0,0,0.001,23.25
cell,12,optimizer_22,Optimizer,post,,,0,0,0,0.001,23.25
cell,12,optimizer_23,Optimizer,post,,,0,0,0,0.001,23.25
cell,12,optimizer_24,Optimizer,post,,,0,0,0,0.001,23.25
cell,12,optimizer_25,Optimizer,post,,,0,0,0,0.001,23.25
cell,12,optimizer_26,Optimizer,post,,,0,0,0,0.001,23.25
cell,12,optimizer_27,Optimizer,post,,,0,0,0,0.001,23.25
cell,12,optimizer_28,Optimizer,post,,,0,0,0,0.001,23.25
cell,12,optimizer_29,Optimizer,post,,,0,0,0,0.001,23.25
cell,12,optimizer_30,Optimizer,post,,,0,0,0,0.001,23.25
cell,12,optimizer_31,Optimizer,post,,,0,0,0,0.001,23.25
cell,12,optimizer_32,Optimizer,post,,,0,0,0,0.001,23.25
cell,12,optimizer_33,Optimizer,post,,,0,0,0,0.001,23.25
cell,12,optimizer_34,Optimizer,post,,,0,0,0,0.001,23.25
cell,12,optimizer_35,Optimizer,post,,,0,0,0,0.001,23.25
cell,12,optimizer_36,Optimizer,post,,,0,0,0,0.001,23.25
cell,12,optimizer_37,Optimizer,post,,,0,0,0,0.001,23.25
cell,12,optimizer_38,Optimizer,post,,,0,0,0,0.001,23.25
cell,12,optimizer_39,Optimizer,post,,,0,0,0,0.001,23.25
cell,12,optimizer_40,Optimizer,post,,,0,0,0,0.001,23.25
cell,12,optimizer_41,Optimizer,post,,,0,0,0,0.001,23.25
cell,12,optimizer_42,Optimizer,post,,,0,0,0,0.001,23.25
cell,12,optimizer_43,Optimizer,post,,,0,0,0,0.001,23.25
cell,12,optimizer_44,Optimizer,post,,,0,0,0,0.205,23.25
cell,12,optimizer_45,Optimizer,post,,,0,0,0,0.001,23.25
cell,12,optimizer_46,Optimizer,post,,,0,0,0,0.001,23.25
cell,12,optimizer_47,Optimizer,post,,,0,0,0,0.001,23.25
cell,12,optimizer_48,Optimizer,post,,,0,0,0,0.001,23.25
cell,12,optimizer_49,Optimizer,post,,,0,0,0,0.001,23.25
cell,13,optimizer_0,Optimizer,post,,,0,0,0,0.001,23.27
cell,13,optimizer_1,Optimizer,post,,,0,0,0,0.001,23.27
cell,13,optimizer_2,Optimizer,post,,,0,0,0,0.001,23.27
cell,13,optimizer_3,Optimizer,post,,,0,0,0,0.001,23.27
cell,13,optimizer_4,Optimizer,post,,,0,0,0,0.001,23.27
cell,13,optimizer_5,Optimizer,post,,,0,0,0,0.001,23.27
cell,13,optimizer_6,Optimizer,post,,,0,0,0,0.001,23.27
cell,13,optimizer_7,Optimizer,post,,,0,0,0,0.001,23.27
cell,13,optimizer_8,Optimizer,post,,,0,0,0,0.001,23.27
cell,13,optimizer_9,Optimizer,post,,,0,0,0,0.001,23.27
cell,13,optimizer_10,Optimizer,post,,,0,0,0,0.001,23.27
cell,13,optimizer_11,Optimizer,post,,,0,0,0,0.001,23.27
cell,13,optimizer_12,Optimizer,post,,,0,0,0,0.001,23.27
cell,13,optimizer_13,Optimizer,post,,,0,0,0,0.001,23.27
cell,13,optimizer_14,Optimizer,post,,,0,0,0,0.001,23.27
cell,13,optimizer_15,Optimizer,post,,,0,0,0,0.001,23.27
cell,13,optimizer_16,Optimizer,post,,,0,0,0,0.001,23.27
cell,13,optimizer_17,Optimizer,post,,,0,0,0,0.001,23.27
cell,13,optimizer_18,Optimizer,post,,,0,0,0,0.001,23.27
cell,13,optimizer_19,Optimizer,post,,,0,0,0,0.037,23.27
cell,13,optimizer_20,Optimizer,post,,,0,0,0,0.001,23.27
cell,13,optimizer_21,Optimizer,post,,,0,0,0,0.001,23.27
cell,13,optimizer_22,Optimizer,post,,,0,0,0,0.001,23.27
cell,13,optimizer_23,Optimizer,post,,,0,0,0,0.001,23.27
cell,13,optimizer_24,Optimizer,post,,,0,0,0,0.001,23.27
cell,13,optimizer_25,Optimizer,post,,,0,0,0,0.001,23.27
cell,13,optimizer_26,Optimizer,post,,,0,0,0,0.001,23.27
cell,13,optimizer_27,Optimizer,post,,,0,0,0,0.001,23.27
cell,13,optimizer_28,Optimizer,post,,,0,0,0,0.001,23.27
cell,13,optimizer_29,Optimizer,post,,,0,0,0,0.001,23.27
cell,13,optimizer_30,Optimizer,post,,,0,0,0,0.001,23.27
cell,13,optimizer_31,Optimizer,post,,,0,0,0,0.001,23.27
cell,13,optimizer_32,Optimizer,post,,,0,0,0,0.001,23.27
cell,13,optimizer_33,Optimizer,post,,,0,0,0,0.001,23.27
cell,13,optimizer_34,Optimizer,post,,,0,0,0,0.001,23.27
cell,13,optimizer_35,Optimizer,post,,,0,0,0,0.001,23.27
cell,13,optimizer_36,Optimizer,post,,,0,0,0,0.001,23.27
cell,13,optimizer_37,Optimizer,post,,,0,0,0,0.001,23.27
cell,13,optimizer_38,Optimizer,post,,,0,0,0,0.001,23.27
cell,13,optimizer_39,Optimizer,post,,,0,0,0,0.001,23.27
cell,13,optimizer_40,Optimizer,post,,,0,0,0,0.001,23.27
cell,13,optimizer_41,Optimizer,post,,,0,0,0,0.001,23.27
cell,13,optimizer_42,Optimizer,post,,,0,0,0,0.001,23.27
cell,13,optimizer_43,Optimizer,post,,,0,0,0,0.001,23.27
cell,13,optimizer_44,Optimizer,post,,,0,0,0,0.001,23.27
cell,13,optimizer_45,Optimizer,post,,,0,0,0,0.001,23.27
cell,13,optimizer_46,Optimizer,post,,,0,0,0,0.001,23.27
cell,13,optimizer_47,Optimizer,post,,,0,0,0,0.001,23.27
cell,13,optimizer_48,Optimizer,post,,,0,0,0,0.001,23.27
cell,13,optimizer_49,Optimizer,post,,,0,0,0,0.001,23.27
cell,14,optimizer_0,Optimizer,post,,,0,0,0,0.001,23.27
cell,14,optimizer_1,Optimizer,post,,,0,0,0,0.001,23.27
cell,14,optimizer_2,Optimizer,post,,,0,0,0,0.001,23.27
cell,14,optimizer_3,Optimizer,post,,,0,0,0,0.001,23.27
cell,14,optimizer_4,Optimizer,post,,,0,0,0,0.001,23.27
cell,14,optimizer_5,Optimizer,post,,,0,0,0,0.001,23.27
cell,14,optimizer_6,Optimizer,post,,,0,0,0,0.001,23.27
cell,14,optimizer_7,Optimizer,post,,,0,0,0,0.001,23.27
cell,14,optimizer_8,Optimizer,post,,,0,0,0,0.001,23.27
cell,14,optimizer_9,Optimizer,post,,,0,0,0,0.001,23.27
cell,14,optimizer_10,Optimizer,post,,,0,0,0,0.001,23.27
cell,14,optimizer_11,Optimizer,post,,,0,0,0,0.001,23.27
cell,14,optimizer_12,Optimizer,post,,,0,0,0,0.001,23.27
cell,14,optimizer_13,Optimizer,post,,,0,0,0,0.001,23.27
cell,14,optimizer_14,Optimizer,post,,,0,0,0,0.003,23.27
cell,14,optimizer_15,Optimizer,post,,,0,0,0,0.001,23.27
cell,14,optimizer_16,Optimizer,post,,,0,0,0,0.001,23.27
cell,14,optimizer_17,Optimizer,post,,,0,0,0,0.001,23.27
cell,14,optimizer_18,Optimizer,post,,,0,0,0,0.001,23.27
cell,14,optimizer_19,Optimizer,post,,,0,0,0,0.001,23.27
cell,14,optimizer_20,Optimizer,post,,,0,0,0,0.001,23.27
cell,14,optimizer_21,Optimizer,post,,,0,0,0,0.001,23.27
cell,14,optimizer_22,Optimizer,post,,,0,0,0,0.001,23.27
cell,14,optimizer_23,Optimizer,post,,,0,0,0,0.002,23.27
cell,14,optimizer_24,Optimizer,post,,,0,0,0,0.001,23.27
cell,14,optimizer_25,Optimizer,post,,,0,0,0,0.001,23.27
cell,14,optimizer_26,Optimizer,post,,,0,0,0,0.001,23.27
cell,14,optimizer_27,Optimizer,post,,,0,0,0,0.002,23.27
cell,14,optimizer_28,Optimizer,post,,,0,0,0,0.002,23.27
cell,14,optimizer_29,Optimizer,post,,,0,0,0,0.002,23.27
cell,14,optimizer_30,Optimizer,post,,,0,0,0,0.001,23.27
cell,14,optimizer_31,Optimizer,post,,,0,0,0,0.002,23.27
cell,14,optimizer_32,Optimizer,post,,,0,0,0,0.002,23.27
cell,14,optimizer_33,Optimizer,post,,,0,0,0,0.002,23.27
cell,14,optimizer_34,Optimizer,post,,,0,0,0,0.002,23.27
cell,14,optimizer_35,Optimizer,post,,,0,0,0,0.001,23.27
cell,14,optimizer_36,Optimizer,post,,,0,0,0,0.001,23.27
cell,14,optimizer_37,Optimizer,post,,,0,0,0,0.002,23.27
cell,14,optimizer_38,Optimizer,post,,,0,0,0,0.001,23.27
cell,14,optimizer_39,Optimizer,post,,,0,0,0,0.002,23.27
cell,14,optimizer_40,Optimizer,post,,,0,0,0,0.002,23.27
cell,14,optimizer_41,Optimizer,post,,,0,0,0,0.028,23.27
cell,14,optimizer_42,Optimizer,post,,,0,0,0,0.001,23.27
cell,14,optimizer_43,Optimizer,post,,,0,0,0,0.002,23.27
cell,14,optimizer_44,Optimizer,post,,,0,0,0,0.001,23.27
cell,14,optimizer_45,Optimizer,post,,,0,0,0,0.002,23.27
cell,14,optimizer_46,Optimizer,post,,,0,0,0,0.002,23.27
cell,14,optimizer_47,Optimizer,post,,,0,0,0,0.002,23.27
cell,14,optimizer_48,Optimizer,post,,,0,0,0,0.001,23.27
cell,14,optimizer_49,Optimizer,post,,,0,0,0,0.002,23.27
cell,15,optimizer_0,Optimizer,post,,,0,0,0,0.005,23.27
cell,15,optimizer_1,Optimizer,post,,,0,0,0,0.002,23.27
cell,15,optimizer_2,Optimizer,post,,,0,0,0,0.002,23.27
cell,15,optimizer_3,Optimizer,post,,,0,0,0,0.001,23.27
cell,15,optimizer_4,Optimizer,post,,,0,0,0,0.001,23.27
cell,15,optimizer_5,Optimizer,post,,,0,0,0,0.002,23.27
cell,15,optimizer_6,Optimizer,post,,,0,0,0,0.001,23.27
cell,15,optimizer_7,Optimizer,post,,,0,0,0,0.002,23.27
cell,15,optimizer_8,Optimizer,post,,,0,0,0,0.002,23.27
cell,15,optimizer_9,Optimizer,post,,,0,0,0,0.002,23.27
cell,15,optimizer_10,Optimizer,post,,,0,0,0,0.001,23.27
cell,15,optimizer_11,Optimizer,post,,,0,0,0,0.002,23.27
cell,15,optimizer_12,Optimizer,post,,,0,0,0,0.002,23.27
cell,15,optimizer_13,Optimizer,post,,,0,0,0,0.002,23.27
cell,15,optimizer_14,Optimizer,post,,,0,0,0,0.001,23.27
cell,15,optimizer_15,Optimizer,post,,,0,0,0,0.001,23.27
cell,15,optimizer_16,Optimizer,post,,,0,0,0,0.001,23.27
cell,15,optimizer_17,Optimizer,post,,,0,0,0,0.002,23.27
cell,15,optimizer_18,Optimizer,post,,,0,0,0,0.001,23.27
cell,15,optimizer_19,Optimizer,post,,,0,0,0,0.001,23.27
cell,15,optimizer_20,Optimizer,post,,,0,0,0,0.001,23.27
cell,15,optimizer_21,Optimizer,post,,,0,0,0,0.001,23.27
cell,15,optimizer_22,Optimizer,post,,,0,0,0,0.001,23.27
cell,15,optimizer_23,Optimizer,post,,,0,0,0,0.001,23.27
cell,15,optimizer_24,Optimizer,post,,,0,0,0,0.001,23.27
cell,15,optimizer_25,Optimizer,post,,,0,0,0,0.001,23.27
cell,15,optimizer_26,Optimizer,post,,,0,0,0,0.001,23.27
cell,15,optimizer_27,Optimizer,post,,,0,0,0,0.001,23.27
cell,15,optimizer_28,Optimizer,post,,,0,0,0,0.001,23.27
cell,15,optimizer_29,Optimizer,post,,,0,0,0,0.001,23.27
cell,15,optimizer_30,Optimizer,post,,,0,0,0,0.001,23.27
cell,15,optimizer_31,Optimizer,post,,,0,0,0,0.002,23.27
cell,15,optimizer_32,Optimizer,post,,,0,0,0,0.001,23.27
cell,15,optimizer_33,Optimizer,post,,,0,0,0,0.001,23.27
cell,15,optimizer_34,Optimizer,post,,,0,0,0,0.001,23.27
cell,15,optimizer_35,Optimizer,post,,,0,0,0,0.001,23.27
cell,15,optimizer_36,Optimizer,post,,,0,0,0,0.002,23.27
cell,15,optimizer_37,Optimizer,post,,,0,0,0,0.001,23.27
cell,15,optimizer_38,Optimizer,post,,,0,0,0,0.001,23.27
cell,15,optimizer_39,Optimizer,post,,,0,0,0,0.001,23.27
cell,15,optimizer_40,Optimizer,post,,,0,0,0,0.001,23.27
cell,15,optimizer_41,Optimizer,post,,,0,0,0,0.001,23.27
cell,15,optimizer_42,Optimizer,post,,,0,0,0,0.001,23.27
cell,15,optimizer_43,Optimizer,post,,,0,0,0,0.001,23.27
cell,15,optimizer_44,Optimizer,post,,,0,0,0,0.001,23.27
cell,15,optimizer_45,Optimizer,post,,,0,0,0,0.001,23.27
cell,15,optimizer_46,Optimizer,post,,,0,0,0,0.001,23.27
cell,15,optimizer_47,Optimizer,post,,,0,0,0,0.001,23.27
cell,15,optimizer_48,Optimizer,post,,,0,0,0,0.001,23.27
cell,15,optimizer_49,Optimizer,post,,,0,0,0,0.001,23.27
cell,16,optimizer_0,Optimizer,post,,,0,0,0,0.001,23.27
cell,16,optimizer_1,Optimizer,post,,,0,0,0,0.002,23.27
cell,16,optimizer_2,Optimizer,post,,,0,0,0,0.001,23.27
cell,16,optimizer_3,Optimizer,post,,,0,0,0,0.001,23.27
cell,16,optimizer_4,Optimizer,post,,,0,0,0,0.001,23.27
cell,16,optimizer_5,Optimizer,post,,,0,0,0,0.001,23.27
cell,16,optimizer_6,Optimizer,post,,,0,0,0,0.001,23.27
cell,16,optimizer_7,Optimizer,post,,,0,0,0,0.001,23.27
cell,16,optimizer_8,Optimizer,post,,,0,0,0,0.001,23.27
cell,16,optimizer_9,Optimizer,post,,,0,0,0,0.001,23.27
cell,16,optimizer_10,Optimizer,post,,,0,0,0,0.001,23.27
cell,16,optimizer_11,Optimizer,post,,,0,0,0,0.001,23.27
cell,16,optimizer_12,Optimizer,post,,,0,0,0,0.001,23.27
cell,16,optimizer_13,Optimizer,post,,,0,0,0,0.002,23.27
cell,16,optimizer_14,Optimizer,post,,,0,0,0,0.001,23.27
cell,16,optimizer_15,Optimizer,post,,,0,0,0,0.001,23.27
cell,16,optimizer_16,Optimizer,post,,,0,0,0,0.002,23.27
cell,16,optimizer_17,Optimizer,post,,,0,0,0,0.001,23.27
cell,16,optimizer_18,Optimizer,post,,,0,0,0,0.001,23.27
cell,16,optimizer_19,Optimizer,post,,,0,0,0,0.001,23.27
cell,16,optimizer_20,Optimizer,post,,,0,0,0,0.001,23.27
cell,16,optimizer_21,Optimizer,post,,,0,0,0,0.001,23.27
cell,16,optimizer_22,Optimizer,post,,,0,0,0,0.001,23.27
cell,16,optimizer_23,Optimizer,post,,,0,0,0,0.001,23.27
cell,16,optimizer_24,Optimizer,post,,,0,0,0,0.001,23.27
cell,16,optimizer_25,Optimizer,post,,,0,0,0,0.002,23.27
cell,16,optimizer_26,Optimizer,post,,,0,0,0,0.002,23.27
cell,16,optimizer_27,Optimizer,post,,,0,0,0,0.001,23.27
cell,16,optimizer_28,Optimizer,post,,,0,0,0,0.002,23.27
cell,16,optimizer_29,Optimizer,post,,,0,0,0,0.001,23.27
cell,16,optimizer_30,Optimizer,post,,,0,0,0,0.001,23.27
cell,16,optimizer_31,Optimizer,post,,,0,0,0,0.002,23.27
cell,16,optimizer_32,Optimizer,post,,,0,0,0,0.002,23.27
cell,16,optimizer_33,Optimizer,post,,,0,0,0,0.002,23.27
cell,16,optimizer_34,Optimizer,post,,,0,0,0,0.002,23.27
cell,16,optimizer_35,Optimizer,post,,,0,0,0,0.125,23.27
cell,16,optimizer_36,Optimizer,post,,,0,0,0,0.002,23.27
cell,16,optimizer_37,Optimizer,post,,,0,0,0,0.002,23.27
cell,16,optimizer_38,Optimizer,post,,,0,0,0,0.002,23.27
cell,16,optimizer_39,Optimizer,post,,,0,0,0,0.002,23.27
cell,16,optimizer_40,Optimizer,post,,,0,0,0,0.002,23.27
cell,16,optimizer_41,Optimizer,post,,,0,0,0,0.002,23.27
cell,16,optimizer_42,Optimizer,post,,,0,0,0,0.035,23.27
cell,16,optimizer_43,Optimizer,post,,,0,0,0,0.002,23.27
cell,16,optimizer_44,Optimizer,post,,,0,0,0,0.002,23.27
cell,16,optimizer_45,Optimizer,post,,,0,0,0,0.002,23.27
cell,16,optimizer_46,Optimizer,post,,,0,0,0,0.001,23.27
cell,16,optimizer_47,Optimizer,post,,,0,0,0,0.001,23.27
cell,16,optimizer_48,Optimizer,post,,,0,0,0,0.002,23.27
cell,16,optimizer_49,Optimizer,post,,,0,0,0,0.001,23.27
cell,17,optimizer_0,Optimizer,post,,,0,0,0,0.004,23.27
cell,17,optimizer_1,Optimizer,post,,,0,0,0,0.002,23.27
cell,17,optimizer_2,Optimizer,post,,,0,0,0,0.002,23.27
cell,17,optimizer_3,Optimizer,post,,,0,0,0,0.001,23.27
cell,17,optimizer_4,Optimizer,post,,,0,0,0,0.002,23.27
cell,17,optimizer_5,Optimizer,post,,,0,0,0,0.001,23.27
cell,17,optimizer_6,Optimizer,post,,,0,0,0,0.003,23.27
cell,17,optimizer_7,Optimizer,post,,,0,0,0,0.001,23.27
cell,17,optimizer_8,Optimizer,post,,,0,0,0,0.002,23.27
cell,17,optimizer_9,Optimizer,post,,,0,0,0,0.001,23.27
cell,17,optimizer_10,Optimizer,post,,,0,0,0,0.002,23.27
cell,17,optimizer_11,Optimizer,post,,,0,0,0,0.001,23.27
cell,17,optimizer_12,Optimizer,post,,,0,0,0,0.002,23.27
cell,17,optimizer_13,Optimizer,post,,,0,0,0,0.012,23.27
cell,17,optimizer_14,Optimizer,post,,,0,0,0,0.001,23.27
cell,17,optimizer_15,Optimizer,post,,,0,0,0,0.001,23.27
cell,17,optimizer_16,Optimizer,post,,,0,0,0,0.001,23.27
cell,17,optimizer_17,Optimizer,post,,,0,0,0,0.001,23.27
cell,17,optimizer_18,Optimizer,post,,,0,0,0,0.001,23.27
cell,17,optimizer_19,Optimizer,post,,,0,0,0,0.001,23.27
cell,17,optimizer_20,Optimizer,post,,,0,0,0,0.001,23.27
cell,17,optimizer_21,Optimizer,post,,,0,0,0,0.002,23.27
cell,17,optimizer_22,Optimizer,post,,,0,0,0,0.001,23.27
cell,17,optimizer_23,Optimizer,post,,,0,0,0,0.001,23.27
cell,17,optimizer_24,Optimizer,post,,,0,0,0,0.023,23.27
cell,17,optimizer_25,Optimizer,post,,,0,0,0,0.003,23.27
cell,17,optimizer_26,Optimizer,post,,,0,0,0,0.008,23.27
cell,17,optimizer_27,Optimizer,post,,,0,0,0,0.005,23.27
cell,17,optimizer_28,Optimizer,post,,,0,0,0,0.003,23.27
cell,17,optimizer_29,Optimizer,post,,,0,0,0,0.002,23.27
cell,17,optimizer_30,Optimizer,post,,,0,0,0,0.002,23.27
cell,17,optimizer_31,Optimizer,post,,,0,0,0,0.002,23.27
cell,17,optimizer_32,Optimizer,post,,,0,0,0,0.002,23.27
cell,17,optimizer_33,Optimizer,post,,,0,0,0,0.002,23.27
cell,17,optimizer_34,Optimizer,post,,,0,0,0,0.001,23.27
cell,17,optimizer_35,Optimizer,post,,,0,0,0,0.002,23.27
cell,17,optimizer_36,Optimizer,post,,,0,0,0,0.001,23.27
cell,17,optimizer_37,Optimizer,post,,,0,0,0,0.001,23.27
cell,17,optimizer_38,Optimizer,post,,,0,0,0,0.002,23.27
cell,17,optimizer_39,Optimizer,post,,,0,0,0,0.002,23.27
cell,17,optimizer_40,Optimizer,post,,,0,0,0,0.001,23.27
cell,17,optimizer_41,Optimizer,post,,,0,0,0,0.001,23.27
cell,17,optimizer_42,Optimizer,post,,,0,0,0,0.001,23.27
cell,17,optimizer_43,Optimizer,post,,,0,0,0,0.001,23.27
cell,17,optimizer_44,Optimizer,post,,,0,0,0,0.002,23.27
cell,17,optimizer_45,Optimizer,post,,,0,0,0,0.001,23.27
cell,17,optimizer_46,Optimizer,post,,,0,0,0,0.001,23.27
cell,17,optimizer_47,Optimizer,post,,,0,0,0,0.001,23.27
cell,17,optimizer_48,Optimizer,post,,,0,0,0,0.001,23.27
cell,17,optimizer_49,Optimizer,post,,,0,0,0,0.001,23.27
cell,18,optimizer_0,Optimizer,post,,,0,0,0,0.112,23.27
cell,18,optimizer_1,Optimizer,post,,,0,0,0,0.112,23.27
cell,18,optimizer_2,Optimizer,post,,,0,0,0,0.004,23.27
cell,18,optimizer_3,Optimizer,post,,,0,0,0,0.002,23.27
cell,18,optimizer_4,Optimizer,post,,,0,0,0,0.076,23.27
cell,18,optimizer_5,Optimizer,post,,,0,0,0,0.002,23.27
cell,18,optimizer_6,Optimizer,post,,,0,0,0,0.002,23.27
cell,18,optimizer_7,Optimizer,post,,,0,0,0,0.002,23.27
cell,18,optimizer_8,Optimizer,post,,,0,0,0,0.008,23.27
cell,18,optimizer_9,Optimizer,post,,,0,0,0,0.020,23.27
cell,18,optimizer_10,Optimizer,post,,,0,0,0,0.007,23.27
cell,18,optimizer_11,Optimizer,post,,,0,0,0,0.009,23.27
cell,18,optimizer_12,Optimizer,post,,,0,0,0,0.008,23.27
cell,18,optimizer_13,Optimizer,post,,,0,0,0,0.020,23.27
cell,18,optimizer_14,Optimizer,post,,,0,0,0,0.033,23.27
cell,18,optimizer_15,Optimizer,post,,,0,0,0,0.003,23.27
cell,18,optimizer_16,Optimizer,post,,,0,0,0,0.007,23.27
cell,18,optimizer_17,Optimizer,post,,,0,0,0,0.005,23.27
cell,18,optimizer_18,Optimizer,post,,,0,0,0,0.035,23.27
cell,18,optimizer_19,Optimizer,post,,,0,0,0,0.006,23.27
cell,18,optimizer_20,Optimizer,post,,,0,0,0,0.027,23.27
cell,18,optimizer_21,Optimizer,post,,,0,0,0,0.006,23.27
cell,18,optimizer_22,Optimizer,post,,,0,0,0,0.005,23.27
cell,18,optimizer_23,Optimizer,post,,,0,0,0,0.006,23.27
cell,18,optimizer_24,Optimizer,post,,,0,0,0,0.006,23.27
cell,18,optimizer_25,Optimizer,post,,,0,0,0,0.005,23.27
cell,18,optimizer_26,Optimizer,post,,,0,0,0,0.005,23.27
cell,18,optimizer_27,Optimizer,post,,,0,0,0,0.029,23.27
cell,18,optimizer_28,Optimizer,post,,,0,0,0,0.004,23.27
cell,18,optimizer_29,Optimizer,post,,,0,0,0,0.003,23.27
cell,18,optimizer_30,Optimizer,post,,,0,0,0,0.002,23.27
cell,18,optimizer_31,Optimizer,post,,,0,0,0,0.002,23.27
cell,18,optimizer_32,Optimizer,post,,,0,0,0,0.002,23.27
cell,18,optimizer_33,Optimizer,post,,,0,0,0,0.001,23.27
cell,18,optimizer_34,Optimizer,post,,,0,0,0,0.002,23.27
cell,18,optimizer_35,Optimizer,post,,,0,0,0,0.002,23.27
cell,18,optimizer_36,Optimizer,post,,,0,0,0,0.002,23.27
cell,18,optimizer_37,Optimizer,post,,,0,0,0,0.001,23.27
cell,18,optimizer_38,Optimizer,post,,,0,0,0,0.002,23.27
cell,18,optimizer_39,Optimizer,post,,,0,0,0,0.002,23.27
cell,18,optimizer_40,Optimizer,post,,,0,0,0,0.002,23.27
cell,18,optimizer_41,Optimizer,post,,,0,0,0,0.004,23.27
cell,18,optimizer_42,Optimizer,post,,,0,0,0,0.002,23.27
cell,18,optimizer_43,Optimizer,post,,,0,0,0,0.002,23.27
cell,18,optimizer_44,Optimizer,post,,,0,0,0,0.001,23.27
cell,18,optimizer_45,Optimizer,post,,,0,0,0,0.002,23.27
cell,18,optimizer_46,Optimizer,post,,,0,0,0,0.001,23.27
cell,18,optimizer_47,Optimizer,post,,,0,0,0,0.002,23.27
cell,18,optimizer_48,Optimizer,post,,,0,0,0,0.002,23.27
cell,18,optimizer_49,Optimizer,post,,,0,0,0,0.001,23.27
cell,19,optimizer_0,Optimizer,post,,,0,0,0,0.003,23.27
cell,19,optimizer_1,Optimizer,post,,,0,0,0,0.002,23.27
cell,19,optimizer_2,Optimizer,post,,,0,0,0,0.002,23.27
cell,19,optimizer_3,Optimizer,post,,,0,0,0,0.002,23.27
cell,19,optimizer_4,Optimizer,post,,,0,0,0,0.002,23.27
cell,19,optimizer_5,Optimizer,post,,,0,0,0,0.002,23.27
cell,19,optimizer_6,Optimizer,post,,,0,0,0,0.002,23.27
cell,19,optimizer_7,Optimizer,post,,,0,0,0,0.002,23.27
cell,19,optimizer_8,Optimizer,post,,,0,0,0,0.002,23.27
cell,19,optimizer_9,Optimizer,post,,,0,0,0,0.002,23.27
cell,19,optimizer_10,Optimizer,post,,,0,0,0,0.002,23.27
cell,19,optimizer_11,Optimizer,post,,,0,0,0,0.003,23.27
cell,19,optimizer_12,Optimizer,post,,,0,0,0,0.002,23.27
cell,19,optimizer_13,Optimizer,post,,,0,0,0,0.002,23.27
cell,19,optimizer_14,Optimizer,post,,,0,0,0,0.002,23.27
cell,19,optimizer_15,Optimizer,post,,,0,0,0,0.002,23.27
cell,19,optimizer_16,Optimizer,post,,,0,0,0,0.003,23.27
cell,19,optimizer_17,Optimizer,post,,,0,0,0,0.002,23.27
cell,19,optimizer_18,Optimizer,post,,,0,0,0,0.003,23.27
cell,19,optimizer_19,Optimizer,post,,,0,0,0,0.003,23.27
cell,19,optimizer_20,Optimizer,post,,,0,0,0,0.002,23.27
cell,19,optimizer_21,Optimizer,post,,,0,0,0,0.002,23.27
cell,19,optimizer_22,Optimizer,post,,,0,0,0,0.002,23.27
cell,19,optimizer_23,Optimizer,post,,,0,0,0,0.002,23.27
cell,19,optimizer_24,Optimizer,post,,,0,0,0,0.002,23.27
cell,19,optimizer_25,Optimizer,post,,,0,0,0,0.002,23.27
cell,19,optimizer_26,Optimizer,post,,,0,0,0,0.001,23.27
cell,19,optimizer_27,Optimizer,post,,,0,0,0,0.002,23.27
cell,19,optimizer_28,Optimizer,post,,,0,0,0,0.002,23.27
cell,19,optimizer_29,Optimizer,post,,,0,0,0,0.002,23.27
cell,19,optimizer_30,Optimizer,post,,,0,0,0,0.002,23.27
cell,19,optimizer_31,Optimizer,post,,,0,0,0,0.003,23.27
cell,19,optimizer_32,Optimizer,post,,,0,0,0,0.002,23.27
cell,19,optimizer_33,Optimizer,post,,,0,0,0,0.002,23.27
cell,19,optimizer_34,Optimizer,post,,,0,0,0,0.002,23.27
cell,19,optimizer_35,Optimizer,post,,,0,0,0,0.002,23.27
cell,19,optimizer_36,Optimizer,post,,,0,0,0,0.003,23.27
cell,19,optimizer_37,Optimizer,post,,,0,0,0,0.002,23.27
cell,19,optimizer_38,Optimizer,post,,,0,0,0,0.015,23.27
cell,19,optimizer_39,Optimizer,post,,,0,0,0,0.004,23.27
cell,19,optimizer_40,Optimizer,post,,,0,0,0,0.002,23.27
cell,19,optimizer_41,Optimizer,post,,,0,0,0,0.037,23.27
cell,19,optimizer_42,Optimizer,post,,,0,0,0,0.002,23.27
cell,19,optimizer_43,Optimizer,post,,,0,0,0,0.002,23.27
cell,19,optimizer_44,Optimizer,post,,,0,0,0,0.002,23.27
cell,19,optimizer_45,Optimizer,post,,,0,0,0,0.072,23.27
cell,19,optimizer_46,Optimizer,post,,,0,0,0,0.019,23.27
cell,19,optimizer_47,Optimizer,post,,,0,0,0,0.003,23.27
cell,19,optimizer_48,Optimizer,post,,,0,0,0,0.168,23.27
cell,19,optimizer_49,Optimizer,post,,,0,0,0,0.002,23.27
cell,20,optimizer_0,Optimizer,post,,,0,0,0,0.017,23.27
cell,20,optimizer_1,Optimizer,post,,,0,0,0,0.004,23.27
cell,20,optimizer_2,Optimizer,post,,,0,0,0,0.009,23.27
cell,20,optimizer_3,Optimizer,post,,,0,0,0,0.006,23.27
cell,20,optimizer_4,Optimizer,post,,,0,0,0,0.010,23.27
cell,20,optimizer_5,Optimizer,post,,,0,0,0,0.003,23.27
cell,20,optimizer_6,Optimizer,post,,,0,0,0,0.002,23.27
cell,20,optimizer_7,Optimizer,post,,,0,0,0,0.002,23.27
cell,20,optimizer_8,Optimizer,post,,,0,0,0,0.002,23.27
cell,20,optimizer_9,Optimizer,post,,,0,0,0,0.003,23.27
cell,20,optimizer_10,Optimizer,post,,,0,0,0,0.002,23.27
cell,20,optimizer_11,Optimizer,post,,,0,0,0,0.002,23.27
cell,20,optimizer_12,Optimizer,post,,,0,0,0,0.002,23.27
cell,20,optimizer_13,Optimizer,post,,,0,0,0,0.024,23.27
cell,20,optimizer_14,Optimizer,post,,,0,0,0,0.003,23.27
cell,20,optimizer_15,Optimizer,post,,,0,0,0,0.002,23.27
cell,20,optimizer_16,Optimizer,post,,,0,0,0,0.002,23.27
cell,20,optimizer_17,Optimizer,post,,,0,0,0,0.002,23.27
cell,20,optimizer_18,Optimizer,post,,,0,0,0,0.002,23.27
cell,20,optimizer_19,Optimizer,post,,,0,0,0,0.005,23.27
cell,20,optimizer_20,Optimizer,post,,,0,0,0,0.004,23.27
cell,20,optimizer_21,Optimizer,post,,,0,0,0,0.002,23.27
cell,20,optimizer_22,Optimizer,post,,,0,0,0,0.002,23.27
cell,20,optimizer_23,Optimizer,post,,,0,0,0,0.015,23.27
cell,20,optimizer_24,Optimizer,post,,,0,0,0,0.004,23.27
cell,20,optimizer_25,Optimizer,post,,,0,0,0,0.002,23.27
cell,20,optimizer_26,Optimizer,post,,,0,0,0,0.002,23.27
cell,20,optimizer_27,Optimizer,post,,,0,0,0,0.003,23.27
cell,20,optimizer_28,Optimizer,post,,,0,0,0,0.003,23.27
cell,20,optimizer_29,Optimizer,post,,,0,0,0,0.002,23.27
cell,20,optimizer_30,Optimizer,post,,,0,0,0,0.013,23.27
cell,20,optimizer_31,Optimizer,post,,,0,0,0,0.009,23.27
cell,20,optimizer_32,Optimizer,post,,,0,0,0,0.036,23.27
cell,20,optimizer_33,Optimizer,post,,,0,0,0,0.006,23.27
cell,20,optimizer_34,Optimizer,post,,,0,0,0,0.005,23.27
cell,20,optimizer_35,Optimizer,post,,,0,0,0,0.005,23.27
cell,20,optimizer_36,Optimizer,post,,,0,0,0,0.005,23.27
cell,20,optimizer_37,Optimizer,post,,,0,0,0,0.005,23.27
cell,20,optimizer_38,Optimizer,post,,,0,0,0,0.005,23.27
cell,20,optimizer_39,Optimizer,post,,,0,0,0,0.005,23.27
cell,20,optimizer_40,Optimizer,post,,,0,0,0,0.005,23.27
cell,20,optimizer_41,Optimizer,post,,,0,0,0,0.005,23.27
cell,20,optimizer_42,Optimizer,post,,,0,0,0,0.004,23.27
cell,20,optimizer_43,Optimizer,post,,,0,0,0,0.005,23.27
cell,20,optimizer_44,Optimizer,post,,,0,0,0,0.004,23.27
cell,20,optimizer_45,Optimizer,post,,,0,0,0,0.005,23.27
cell,20,optimizer_46,Optimizer,post,,,0,0,0,0.005,23.27
cell,20,optimizer_47,Optimizer,post,,,0,0,0,0.004,23.27
cell,20,optimizer_48,Optimizer,post,,,0,0,0,0.005,23.27
cell,20,optimizer_49,Optimizer,post,,,0,0,0,0.005,23.27
cell,21,optimizer_0,Optimizer,post,,,0,0,0,0.008,23.27
cell,21,optimizer_1,Optimizer,post,,,0,0,0,0.005,23.27
cell,21,optimizer_2,Optimizer,post,,,0,0,0,0.004,23.27
cell,21,optimizer_3,Optimizer,post,,,0,0,0,0.018,23.27
cell,21,optimizer_4,Optimizer,post,,,0,0,0,0.008,23.27
cell,21,optimizer_5,Optimizer,post,,,0,0,0,0.005,23.27
cell,21,optimizer_6,Optimizer,post,,,0,0,0,0.004,23.27
cell,21,optimizer_7,Optimizer,post,,,0,0,0,0.005,23.27
cell,21,optimizer_8,Optimizer,post,,,0,0,0,0.004,23.27
cell,21,optimizer_9,Optimizer,post,,,0,0,0,0.005,23.27
cell,21,optimizer_10,Optimizer,post,,,0,0,0,0.002,23.27
cell,21,optimizer_11,Optimizer,post,,,0,0,0,0.002,23.27
cell,21,optimizer_12,Optimizer,post,,,0,0,0,0.002,23.27
cell,21,optimizer_13,Optimizer,post,,,0,0,0,0.003,23.27
cell,21,optimizer_14,Optimizer,post,,,0,0,0,0.002,23.27
cell,21,optimizer_15,Optimizer,post,,,0,0,0,0.002,23.27
cell,21,optimizer_16,Optimizer,post,,,0,0,0,0.002,23.27
cell,21,optimizer_17,Optimizer,post,,,0,0,0,0.002,23.27
cell,21,optimizer_18,Optimizer,post,,,0,0,0,0.002,23.27
cell,21,optimizer_19,Optimizer,post,,,0,0,0,0.002,23.27
cell,21,optimizer_20,Optimizer,post,,,0,0,0,0.002,23.27
cell,21,optimizer_21,Optimizer,post,,,0,0,0,0.002,23.27
cell,21,optimizer_22,Optimizer,post,,,0,0,0,0.002,23.27
cell,21,optimizer_23,Optimizer,post,,,0,0,0,0.002,23.27
cell,21,optimizer_24,Optimizer,post,,,0,0,0,0.002,23.27
cell,21,optimizer_25,Optimizer,post,,,0,0,0,0.002,23.27
cell,21,optimizer_26,Optimizer,post,,,0,0,0,0.001,23.27
cell,21,optimizer_27,Optimizer,post,,,0,0,0,0.002,23.27
cell,21,optimizer_28,Optimizer,post,,,0,0,0,0.001,23.27
cell,21,optimizer_29,Optimizer,post,,,0,0,0,0.002,23.27
cell,21,optimizer_30,Optimizer,post,,,0,0,0,0.002,23.27
cell,21,optimizer_31,Optimizer,post,,,0,0,0,0.003,23.27
cell,21,optimizer_32,Optimizer,post,,,0,0,0,0.002,23.27
cell,21,optimizer_33,Optimizer,post,,,0,0,0,0.003,23.27
cell,21,optimizer_34,Optimizer,post,,,0,0,0,0.002,23.27
cell,21,optimizer_35,Optimizer,post,,,0,0,0,0.002,23.27
cell,21,optimizer_36,Optimizer,post,,,0,0,0,0.002,23.27
cell,21,optimizer_37,Optimizer,post,,,0,0,0,0.002,23.27
cell,21,optimizer_38,Optimizer,post,,,0,0,0,0.002,23.27
cell,21,optimizer_39,Optimizer,post,,,0,0,0,0.002,23.27
cell,21,optimizer_40,Optimizer,post,,,0,0,0,0.002,23.27
cell,21,optimizer_41,Optimizer,post,,,0,0,0,0.002,23.27
cell,21,optimizer_42,Optimizer,post,,,0,0,0,0.002,23.27
cell,21,optimizer_43,Optimizer,post,,,0,0,0,0.002,23.27
cell,21,optimizer_44,Optimizer,post,,,0,0,0,0.002,23.27
cell,21,optimizer_45,Optimizer,post,,,0,0,0,0.002,23.27
cell,21,optimizer_46,Optimizer,post,,,0,0,0,0.010,23.27
cell,21,optimizer_47,Optimizer,post,,,0,0,0,0.006,23.27
cell,21,optimizer_48,Optimizer,post,,,0,0,0,0.010,23.27
cell,21,optimizer_49,Optimizer,post,,,0,0,0,0.026,23.27
cell,22,optimizer_0,Optimizer,post,,,0,0,0,0.013,23.28
cell,22,optimizer_1,Optimizer,post,,,0,0,0,0.005,23.28
cell,22,optimizer_2,Optimizer,post,,,0,0,0,0.004,23.28
cell,22,optimizer_3,Optimizer,post,,,0,0,0,0.002,23.28
cell,22,optimizer_4,Optimizer,post,,,0,0,0,0.002,23.28
cell,22,optimizer_5,Optimizer,post,,,0,0,0,0.002,23.28
cell,22,optimizer_6,Optimizer,post,,,0,0,0,0.002,23.28
cell,22,optimizer_7,Optimizer,post,,,0,0,0,0.002,23.28
cell,22,optimizer_8,Optimizer,post,,,0,0,0,0.002,23.28
cell,22,optimizer_9,Optimizer,post,,,0,0,0,0.002,23.28
cell,22,optimizer_10,Optimizer,post,,,0,0,0,0.002,23.28
cell,22,optimizer_11,Optimizer,post,,,0,0,0,0.002,23.28
cell,22,optimizer_12,Optimizer,post,,,0,0,0,0.002,23.28
cell,22,optimizer_13,Optimizer,post,,,0,0,0,0.017,23.28
cell,22,optimizer_14,Optimizer,post,,,0,0,0,0.013,23.28
cell,22,optimizer_15,Optimizer,post,,,0,0,0,0.005,23.28
cell,22,optimizer_16,Optimizer,post,,,0,0,0,0.006,23.28
cell,22,optimizer_17,Optimizer,post,,,0,0,0,0.004,23.28
cell,22,optimizer_18,Optimizer,post,,,0,0,0,0.004,23.28
cell,22,optimizer_19,Optimizer,post,,,0,0,0,0.009,23.28
cell,22,optimizer_20,Optimizer,post,,,0,0,0,0.005,23.28
cell,22,optimizer_21,Optimizer,post,,,0,0,0,0.004,23.28
cell,22,optimizer_22,Optimizer,post,,,0,0,0,0.004,23.28
cell,22,optimizer_23,Optimizer,post,,,0,0,0,0.012,23.28
cell,22,optimizer_24,Optimizer,post,,,0,0,0,0.004,23.28
cell,22,optimizer_25,Optimizer,post,,,0,0,0,0.005,23.28
cell,22,optimizer_26,Optimizer,post,,,0,0,0,0.005,23.28
cell,22,optimizer_27,Optimizer,post,,,0,0,0,0.005,23.28
cell,22,optimizer_28,Optimizer,post,,,0,0,0,0.002,23.28
cell,22,optimizer_29,Optimizer,post,,,0,0,0,0.002,23.28
cell,22,optimizer_30,Optimizer,post,,,0,0,0,0.002,23.28
cell,22,optimizer_31,Optimizer,post,,,0,0,0,0.002,23.28
cell,22,optimizer_32,Optimizer,post,,,0,0,0,0.002,23.28
cell,22,optimizer_33,Optimizer,post,,,0,0,0,0.002,23.28
cell,22,optimizer_34,Optimizer,post,,,0,0,0,0.002,23.28
cell,22,optimizer_35,Optimizer,post,,,0,0,0,0.002,23.28
cell,22,optimizer_36,Optimizer,post,,,0,0,0,0.002,23.28
cell,22,optimizer_37,Optimizer,post,,,0,0,0,0.002,23.28
cell,22,optimizer_38,Optimizer,post,,,0,0,0,0.002,23.28
cell,22,optimizer_39,Optimizer,post,,,0,0,0,0.001,23.28
cell,22,optimizer_40,Optimizer,post,,,0,0,0,0.002,23.28
cell,22,optimizer_41,Optimizer,post,,,0,0,0,0.002,23.28
cell,22,optimizer_42,Optimizer,post,,,0,0,0,0.005,23.28
cell,22,optimizer_43,Optimizer,post,,,0,0,0,0.002,23.28
cell,22,optimizer_44,Optimizer,post,,,0,0,0,0.002,23.28
cell,22,optimizer_45,Optimizer,post,,,0,0,0,0.007,23.28
cell,22,optimizer_46,Optimizer,post,,,0,0,0,0.005,23.28
cell,22,optimizer_47,Optimizer,post,,,0,0,0,0.005,23.28
cell,22,optimizer_48,Optimizer,post,,,0,0,0,0.004,23.28
cell,22,optimizer_49,Optimizer,post,,,0,0,0,0.004,23.28
cell,23,optimizer_0,Optimizer,post,,,0,0,0,0.004,23.28
cell,23,optimizer_1,Optimizer,post,,,0,0,0,0.002,23.28
cell,23,optimizer_2,Optimizer,post,,,0,0,0,0.002,23.28
cell,23,optimizer_3,Optimizer,post,,,0,0,0,0.002,23.28
cell,23,optimizer_4,Optimizer,post,,,0,0,0,0.002,23.28
cell,23,optimizer_5,Optimizer,post,,,0,0,0,0.002,23.28
cell,23,optimizer_6,Optimizer,post,,,0,0,0,0.002,23.28
cell,23,optimizer_7,Optimizer,post,,,0,0,0,0.002,23.28
cell,23,optimizer_8,Optimizer,post,,,0,0,0,0.012,23.28
cell,23,optimizer_9,Optimizer,post,,,0,0,0,0.006,23.28
cell,23,optimizer_10,Optimizer,post,,,0,0,0,0.004,23.28
cell,23,optimizer_11,Optimizer,post,,,0,0,0,0.004,23.28
cell,23,optimizer_12,Optimizer,post,,,0,0,0,0.004,23.28
cell,23,optimizer_13,Optimizer,post,,,0,0,0,0.004,23.28
cell,23,optimizer_14,Optimizer,post,,,0,0,0,0.006,23.28
cell,23,optimizer_15,Optimizer,post,,,0,0,0,0.004,23.28
cell,23,optimizer_16,Optimizer,post,,,0,0,0,0.004,23.28
cell,23,optimizer_17,Optimizer,post,,,0,0,0,0.004,23.28
cell,23,optimizer_18,Optimizer,post,,,0,0,0,0.004,23.28
cell,23,optimizer_19,Optimizer,post,,,0,0,0,0.005,23.28
cell,23,optimizer_20,Optimizer,post,,,0,0,0,0.002,23.28
cell,23,optimizer_21,Optimizer,post,,,0,0,0,0.002,23.28
cell,23,optimizer_22,Optimizer,post,,,0,0,0,0.007,23.28
cell,23,optimizer_23,Optimizer,post,,,0,0,0,0.004,23.28
cell,23,optimizer_24,Optimizer,post,,,0,0,0,0.005,23.28
cell,23,optimizer_25,Optimizer,post,,,0,0,0,0.005,23.28
cell,23,optimizer_26,Optimizer,post,,,0,0,0,0.004,23.28
cell,23,optimizer_27,Optimizer,post,,,0,0,0,0.004,23.28
cell,23,optimizer_28,Optimizer,post,,,0,0,0,0.018,23.28
cell,23,optimizer_29,Optimizer,post,,,0,0,0,0.005,23.28
cell,23,optimizer_30,Optimizer,post,,,0,0,0,0.005,23.28
cell,23,optimizer_31,Optimizer,post,,,0,0,0,0.004,23.28
cell,23,optimizer_32,Optimizer,post,,,0,0,0,0.002,23.28
cell,23,optimizer_33,Optimizer,post,,,0,0,0,0.002,23.28
cell,23,optimizer_34,Optimizer,post,,,0,0,0,0.002,23.28
cell,23,optimizer_35,Optimizer,post,,,0,0,0,0.002,23.28
cell,23,optimizer_36,Optimizer,post,,,0,0,0,0.002,23.28
cell,23,optimizer_37,Optimizer,post,,,0,0,0,0.002,23.28
cell,23,optimizer_38,Optimizer,post,,,0,0,0,0.002,23.28
cell,23,optimizer_39,Optimizer,post,,,0,0,0,0.008,23.28
cell,23,optimizer_40,Optimizer,post,,,0,0,0,0.005,23.28
cell,23,optimizer_41,Optimizer,post,,,0,0,0,0.004,23.28
cell,23,optimizer_42,Optimizer,post,,,0,0,0,0.004,23.28
cell,23,optimizer_43,Optimizer,post,,,0,0,0,0.016,23.28
cell,23,optimizer_44,Optimizer,post,,,0,0,0,0.002,23.28
cell,23,optimizer_45,Optimizer,post,,,0,0,0,0.002,23.28
cell,23,optimizer_46,Optimizer,post,,,0,0,0,0.002,23.28
cell,23,optimizer_47,Optimizer,post,,,0,0,0,0.002,23.28
cell,23,optimizer_48,Optimizer,post,,,0,0,0,0.002,23.28
cell,23,optimizer_49,Optimizer,post,,,0,0,0,0.002,23.28
cell,24,optimizer_0,Optimizer,post,,,0,0,0,0.009,23.28
cell,24,optimizer_1,Optimizer,post,,,0,0,0,0.005,23.28
cell,24,optimizer_2,Optimizer,post,,,0,0,0,0.004,23.28
cell,24,optimizer_3,Optimizer,post,,,0,0,0,0.004,23.28
cell,24,optimizer_4,Optimizer,post,,,0,0,0,0.004,23.28
cell,24,optimizer_5,Optimizer,post,,,0,0,0,0.005,23.28
cell,24,optimizer_6,Optimizer,post,,,0,0,0,0.004,23.28
cell,24,optimizer_7,Optimizer,post,,,0,0,0,0.004,23.28
cell,24,optimizer_8,Optimizer,post,,,0,0,0,0.004,23.28
cell,24,optimizer_9,Optimizer,post,,,0,0,0,0.004,23.28
cell,24,optimizer_10,Optimizer,post,,,0,0,0,0.003,23.28
cell,24,optimizer_11,Optimizer,post,,,0,0,0,0.004,23.28
cell,24,optimizer_12,Optimizer,post,,,0,0,0,0.004,23.28
cell,24,optimizer_13,Optimizer,post,,,0,0,0,0.006,23.28
cell,24,optimizer_14,Optimizer,post,,,0,0,0,0.004,23.28
cell,24,optimizer_15,Optimizer,post,,,0,0,0,0.003,23.28
cell,24,optimizer_16,Optimizer,post,,,0,0,0,0.004,23.28
cell,24,optimizer_17,Optimizer,post,,,0,0,0,0.004,23.28
cell,24,optimizer_18,Optimizer,post,,,0,0,0,0.004,23.28
cell,24,optimizer_19,Optimizer,post,,,0,0,0,0.004,23.28
cell,24,optimizer_20,Optimizer,post,,,0,0,0,0.004,23.28
cell,24,optimizer_21,Optimizer,post,,,0,0,0,0.004,23.28
cell,24,optimizer_22,Optimizer,post,,,0,0,0,0.004,23.28
cell,24,optimizer_23,Optimizer,post,,,0,0,0,0.004,23.28
cell,24,optimizer_24,Optimizer,post,,,0,0,0,0.003,23.28
cell,24,optimizer_25,Optimizer,post,,,0,0,0,0.008,23.28
cell,24,optimizer_26,Optimizer,post,,,0,0,0,0.005,23.28
cell,24,optimizer_27,Optimizer,post,,,0,0,0,0.004,23.28
cell,24,optimizer_28,Optimizer,post,,,0,0,0,0.005,23.28
cell,24,optimizer_29,Optimizer,post,,,0,0,0,0.006,23.28
cell,24,optimizer_30,Optimizer,post,,,0,0,0,0.004,23.28
cell,24,optimizer_31,Optimizer,post,,,0,0,0,0.011,23.28
cell,24,optimizer_32,Optimizer,post,,,0,0,0,0.008,23.28
cell,24,optimizer_33,Optimizer,post,,,0,0,0,0.005,23.28
cell,24,optimizer_34,Optimizer,post,,,0,0,0,0.002,23.28
cell,24,optimizer_35,Optimizer,post,,,0,0,0,0.002,23.28
cell,24,optimizer_36,Optimizer,post,,,0,0,0,0.002,23.28
cell,24,optimizer_37,Optimizer,post,,,0,0,0,0.002,23.28
cell,24,optimizer_38,Optimizer,post,,,0,0,0,0.002,23.28
cell,24,optimizer_39,Optimizer,post,,,0,0,0,0.002,23.28
cell,24,optimizer_40,Optimizer,post,,,0,0,0,0.004,23.28
cell,24,optimizer_41,Optimizer,post,,,0,0,0,0.009,23.28
cell,24,optimizer_42,Optimizer,post,,,0,0,0,0.007,23.28
cell,24,optimizer_43,Optimizer,post,,,0,0,0,0.009,23.28
cell,24,optimizer_44,Optimizer,post,,,0,0,0,0.005,23.28
cell,24,optimizer_45,Optimizer,post,,,0,0,0,0.012,23.28
cell,24,optimizer_46,Optimizer,post,,,0,0,0,0.004,23.28
cell,24,optimizer_47,Optimizer,post,,,0,0,0,0.004,23.28
cell,24,optimizer_48,Optimizer,post,,,0,0,0,0.007,23.28
cell,24,optimizer_49,Optimizer,post,,,0,0,0,0.005,23.28
cell,25,optimizer_0,Optimizer,post,,,0,0,0,0.007,23.28
cell,25,optimizer_1,Optimizer,post,,,0,0,0,0.005,23.28
cell,25,optimizer_2,Optimizer,post,,,0,0,0,0.005,23.28
cell,25,optimizer_3,Optimizer,post,,,0,0,0,0.004,23.28
cell,25,optimizer_4,Optimizer,post,,,0,0,0,0.002,23.28
cell,25,optimizer_5,Optimizer,post,,,0,0,0,0.002,23.28
cell,25,optimizer_6,Optimizer,post,,,0,0,0,0.002,23.28
cell,25,optimizer_7,Optimizer,post,,,0,0,0,0.002,23.28
cell,25,optimizer_8,Optimizer,post,,,0,0,0,0.002,23.28
cell,25,optimizer_9,Optimizer,post,,,0,0,0,0.002,23.28
cell,25,optimizer_10,Optimizer,post,,,0,0,0,0.002,23.28
cell,25,optimizer_11,Optimizer,post,,,0,0,0,0.002,23.28
cell,25,optimizer_12,Optimizer,post,,,0,0,0,0.002,23.28
cell,25,optimizer_13,Optimizer,post,,,0,0,0,0.002,23.28
cell,25,optimizer_14,Optimizer,post,,,0,0,0,0.002,23.28
cell,25,optimizer_15,Optimizer,post,,,0,0,0,0.002,23.28
cell,25,optimizer_16,Optimizer,post,,,0,0,0,0.002,23.28
cell,25,optimizer_17,Optimizer,post,,,0,0,0,0.002,23.28
cell,25,optimizer_18,Optimizer,post,,,0,0,0,0.002,23.28
cell,25,optimizer_19,Optimizer,post,,,0,0,0,0.002,23.28
cell,25,optimizer_20,Optimizer,post,,,0,0,0,0.002,23.28
cell,25,optimizer_21,Optimizer,post,,,0,0,0,0.002,23.28
cell,25,optimizer_22,Optimizer,post,,,0,0,0,0.002,23.28
cell,25,optimizer_23,Optimizer,post,,,0,0,0,0.002,23.28
cell,25,optimizer_24,Optimizer,post,,,0,0,0,0.002,23.28
cell,25,optimizer_25,Optimizer,post,,,0,0,0,0.002,23.28
cell,25,optimizer_26,Optimizer,post,,,0,0,0,0.002,23.28
cell,25,optimizer_27,Optimizer,post,,,0,0,0,0.002,23.28
cell,25,optimizer_28,Optimizer,post,,,0,0,0,0.001,23.28
cell,25,optimizer_29,Optimizer,post,,,0,0,0,0.002,23.28
cell,25,optimizer_30,Optimizer,post,,,0,0,0,0.001,23.28
cell,25,optimizer_31,Optimizer,post,,,0,0,0,0.001,23.28
cell,25,optimizer_32,Optimizer,post,,,0,0,0,0.002,23.28
cell,25,optimizer_33,Optimizer,post,,,0,0,0,0.002,23.28
cell,25,optimizer_34,Optimizer,post,,,0,0,0,0.007,23.28
cell,25,optimizer_35,Optimizer,post,,,0,0,0,0.004,23.28
cell,25,optimizer_36,Optimizer,post,,,0,0,0,0.004,23.28
cell,25,optimizer_37,Optimizer,post,,,0,0,0,0.004,23.28
cell,25,optimizer_38,Optimizer,post,,,0,0,0,0.004,23.28
cell,25,optimizer_39,Optimizer,post,,,0,0,0,0.004,23.28
cell,25,optimizer_40,Optimizer,post,,,0,0,0,0.007,23.28
cell,25,optimizer_41,Optimizer,post,,,0,0,0,0.004,23.28
cell,25,optimizer_42,Optimizer,post,,,0,0,0,0.003,23.28
cell,25,optimizer_43,Optimizer,post,,,0,0,0,0.003,23.28
cell,25,optimizer_44,Optimizer,post,,,0,0,0,0.003,23.28
cell,25,optimizer_45,Optimizer,post,,,0,0,0,0.004,23.28
cell,25,optimizer_46,Optimizer,post,,,0,0,0,0.003,23.28
cell,25,optimizer_47,Optimizer,post,,,0,0,0,0.005,23.28
cell,25,optimizer_48,Optimizer,post,,,0,0,0,0.002,23.28
cell,25,optimizer_49,Optimizer,post,,,0,0,0,0.002,23.28
cell,26,optimizer_0,Optimizer,post,,,0,0,0,0.014,23.28
cell,26,optimizer_1,Optimizer,post,,,0,0,0,0.005,23.28
cell,26,optimizer_2,Optimizer,post,,,0,0,0,0.005,23.28
cell,26,optimizer_3,Optimizer,post,,,0,0,0,0.008,23.28
cell,26,optimizer_4,Optimizer,post,,,0,0,0,0.005,23.28
cell,26,optimizer_5,Optimizer,post,,,0,0,0,0.004,23.28
cell,26,optimizer_6,Optimizer,post,,,0,0,0,0.004,23.28
cell,26,optimizer_7,Optimizer,post,,,0,0,0,0.008,23.28
cell,26,optimizer_8,Optimizer,post,,,0,0,0,0.005,23.28
cell,26,optimizer_9,Optimizer,post,,,0,0,0,0.470,23.28
cell,26,optimizer_10,Optimizer,post,,,0,0,0,0.008,23.28
cell,26,optimizer_11,Optimizer,post,,,0,0,0,0.008,23.28
cell,26,optimizer_12,Optimizer,post,,,0,0,0,0.005,23.28
cell,26,optimizer_13,Optimizer,post,,,0,0,0,0.005,23.28
cell,26,optimizer_14,Optimizer,post,,,0,0,0,0.005,23.28
cell,26,optimizer_15,Optimizer,post,,,0,0,0,0.005,23.28
cell,26,optimizer_16,Optimizer,post,,,0,0,0,0.005,23.28
cell,26,optimizer_17,Optimizer,post,,,0,0,0,0.004,23.28
cell,26,optimizer_18,Optimizer,post,,,0,0,0,0.004,23.28
cell,26,optimizer_19,Optimizer,post,,,0,0,0,0.004,23.28
cell,26,optimizer_20,Optimizer,post,,,0,0,0,0.004,23.28
cell,26,optimizer_21,Optimizer,post,,,0,0,0,0.005,23.28
cell,26,optimizer_22,Optimizer,post,,,0,0,0,0.005,23.28
cell,26,optimizer_23,Optimizer,post,,,0,0,0,0.004,23.28
cell,26,optimizer_24,Optimizer,post,,,0,0,0,0.005,23.28
cell,26,optimizer_25,Optimizer,post,,,0,0,0,0.005,23.28
cell,26,optimizer_26,Optimizer,post,,,0,0,0,0.004,23.28
cell,26,optimizer_27,Optimizer,post,,,0,0,0,0.006,23.28
cell,26,optimizer_28,Optimizer,post,,,0,0,0,0.005,23.28
cell,26,optimizer_29,Optimizer,post,,,0,0,0,0.005,23.28
cell,26,optimizer_30,Optimizer,post,,,0,0,0,0.004,23.28
cell,26,optimizer_31,Optimizer,post,,,0,0,0,0.005,23.28
cell,26,optimizer_32,Optimizer,post,,,0,0,0,0.004,23.28
cell,26,optimizer_33,Optimizer,post,,,0,0,0,0.006,23.28
cell,26,optimizer_34,Optimizer,post,,,0,0,0,0.004,23.28
cell,26,optimizer_35,Optimizer,post,,,0,0,0,0.005,23.28
cell,26,optimizer_36,Optimizer,post,,,0,0,0,0.007,23.28
cell,26,optimizer_37,Optimizer,post,,,0,0,0,0.005,23.28
cell,26,optimizer_38,Optimizer,post,,,0,0,0,0.004,23.28
cell,26,optimizer_39,Optimizer,post,,,0,0,0,0.005,23.28
cell,26,optimizer_40,Optimizer,post,,,0,0,0,0.004,23.28
cell,26,optimizer_41,Optimizer,post,,,0,0,0,0.004,23.28
cell,26,optimizer_42,Optimizer,post,,,0,0,0,0.004,23.28
cell,26,optimizer_43,Optimizer,post,,,0,0,0,0.004,23.28
cell,26,optimizer_44,Optimizer,post,,,0,0,0,0.004,23.28
cell,26,optimizer_45,Optimizer,post,,,0,0,0,0.005,23.28
cell,26,optimizer_46,Optimizer,post,,,0,0,0,0.004,23.28
cell,26,optimizer_47,Optimizer,post,,,0,0,0,0.004,23.28
cell,26,optimizer_48,Optimizer,post,,,0,0,0,0.018,23.28
cell,26,optimizer_49,Optimizer,post,,,0,0,0,0.007,23.28
cell,27,optimizer_0,Optimizer,post,,,0,0,0,0.025,23.28
cell,27,optimizer_1,Optimizer,post,,,0,0,0,0.004,23.28
cell,27,optimizer_2,Optimizer,post,,,0,0,0,0.002,23.28
cell,27,optimizer_3,Optimizer,post,,,0,0,0,0.002,23.28
cell,27,optimizer_4,Optimizer,post,,,0,0,0,0.002,23.28
cell,27,optimizer_5,Optimizer,post,,,0,0,0,0.002,23.28
cell,27,optimizer_6,Optimizer,post,,,0,0,0,0.003,23.28
cell,27,optimizer_7,Optimizer,post,,,0,0,0,0.002,23.28
cell,27,optimizer_8,Optimizer,post,,,0,0,0,0.002,23.28
cell,27,optimizer_9,Optimizer,post,,,0,0,0,0.015,23.28
cell,27,optimizer_10,Optimizer,post,,,0,0,0,0.010,23.28
cell,27,optimizer_11,Optimizer,post,,,0,0,0,0.004,23.28
cell,27,optimizer_12,Optimizer,post,,,0,0,0,0.002,23.28
cell,27,optimizer_13,Optimizer,post,,,0,0,0,0.002,23.28
cell,27,optimizer_14,Optimizer,post,,,0,0,0,0.002,23.28
cell,27,optimizer_15,Optimizer,post,,,0,0,0,0.002,23.28
cell,27,optimizer_16,Optimizer,post,,,0,0,0,0.002,23.28
cell,27,optimizer_17,Optimizer,post,,,0,0,0,0.002,23.28
cell,27,optimizer_18,Optimizer,post,,,0,0,0,0.002,23.28
cell,27,optimizer_19,Optimizer,post,,,0,0,0,0.002,23.28
cell,27,optimizer_20,Optimizer,post,,,0,0,0,0.002,23.28
cell,27,optimizer_21,Optimizer,post,,,0,0,0,0.002,23.28
cell,27,optimizer_22,Optimizer,post,,,0,0,0,0.002,23.28
cell,27,optimizer_23,Optimizer,post,,,0,0,0,0.002,23.28
cell,27,optimizer_24,Optimizer,post,,,0,0,0,0.002,23.28
cell,27,optimizer_25,Optimizer,post,,,0,0,0,0.005,23.28
cell,27,optimizer_26,Optimizer,post,,,0,0,0,0.002,23.28
cell,27,optimizer_27,Optimizer,post,,,0,0,0,0.003,23.28
cell,27,optimizer_28,Optimizer,post,,,0,0,0,0.010,23.28
cell,27,optimizer_29,Optimizer,post,,,0,0,0,0.004,23.28
cell,27,optimizer_30,Optimizer,post,,,0,0,0,0.002,23.28
cell,27,optimizer_31,Optimizer,post,,,0,0,0,0.002,23.28
cell,27,optimizer_32,Optimizer,post,,,0,0,0,0.002,23.28
cell,27,optimizer_33,Optimizer,post,,,0,0,0,0.002,23.28
cell,27,optimizer_34,Optimizer,post,,,0,0,0,0.002,23.28
cell,27,optimizer_35,Optimizer,post,,,0,0,0,0.032,23.28
cell,27,optimizer_36,Optimizer,post,,,0,0,0,0.002,23.28
cell,27,optimizer_37,Optimizer,post,,,0,0,0,0.002,23.28
cell,27,optimizer_38,Optimizer,post,,,0,0,0,0.002,23.28
cell,27,optimizer_39,Optimizer,post,,,0,0,0,0.002,23.28
cell,27,optimizer_40,Optimizer,post,,,0,0,0,0.002,23.28
cell,27,optimizer_41,Optimizer,post,,,0,0,0,0.002,23.28
cell,27,optimizer_42,Optimizer,post,,,0,0,0,0.002,23.28
cell,27,optimizer_43,Optimizer,post,,,0,0,0,0.002,23.28
cell,27,optimizer_44,Optimizer,post,,,0,0,0,0.019,23.28
cell,27,optimizer_45,Optimizer,post,,,0,0,0,0.020,23.28
cell,27,optimizer_46,Optimizer,post,,,0,0,0,0.002,23.28
cell,27,optimizer_47,Optimizer,post,,,0,0,0,0.002,23.28
cell,27,optimizer_48,Optimizer,post,,,0,0,0,0.002,23.28
cell,27,optimizer_49,Optimizer,post,,,0,0,0,0.002,23.28
cell,28,optimizer_0,Optimizer,post,,,0,0,0,0.004,23.28
cell,28,optimizer_1,Optimizer,post,,,0,0,0,0.003,23.28
cell,28,optimizer_2,Optimizer,post,,,0,0,0,0.002,23.28
cell,28,optimizer_3,Optimizer,post,,,0,0,0,0.002,23.28
cell,28,optimizer_4,Optimizer,post,,,0,0,0,0.002,23.28
cell,28,optimizer_5,Optimizer,post,,,0,0,0,0.002,23.28
cell,28,optimizer_6,Optimizer,post,,,0,0,0,0.002,23.28
cell,28,optimizer_7,Optimizer,post,,,0,0,0,0.003,23.28
cell,28,optimizer_8,Optimizer,post,,,0,0,0,0.002,23.28
cell,28,optimizer_9,Optimizer,post,,,0,0,0,0.002,23.28
cell,28,optimizer_10,Optimizer,post,,,0,0,0,0.002,23.28
cell,28,optimizer_11,Optimizer,post,,,0,0,0,0.002,23.28
cell,28,optimizer_12,Optimizer,post,,,0,0,0,0.002,23.28
cell,28,optimizer_13,Optimizer,post,,,0,0,0,0.002,23.28
cell,28,optimizer_14,Optimizer,post,,,0,0,0,0.002,23.28
cell,28,optimizer_15,Optimizer,post,,,0,0,0,0.002,23.28
cell,28,optimizer_16,Optimizer,post,,,0,0,0,0.002,23.28
cell,28,optimizer_17,Optimizer,post,,,0,0,0,0.002,23.28
cell,28,optimizer_18,Optimizer,post,,,0,0,0,0.002,23.28
cell,28,optimizer_19,Optimizer,post,,,0,0,0,0.003,23.28
cell,28,optimizer_20,Optimizer,post,,,0,0,0,0.002,23.28
cell,28,optimizer_21,Optimizer,post,,,0,0,0,0.002,23.28
cell,28,optimizer_22,Optimizer,post,,,0,0,0,0.002,23.28
cell,28,optimizer_23,Optimizer,post,,,0,0,0,0.002,23.28
cell,28,optimizer_24,Optimizer,post,,,0,0,0,0.002,23.28
cell,28,optimizer_25,Optimizer,post,,,0,0,0,0.002,23.28
cell,28,optimizer_26,Optimizer,post,,,0,0,0,0.002,23.28
cell,28,optimizer_27,Optimizer,post,,,0,0,0,0.001,23.28
cell,28,optimizer_28,Optimizer,post,,,0,0,0,0.002,23.28
cell,28,optimizer_29,Optimizer,post,,,0,0,0,0.002,23.28
cell,28,optimizer_30,Optimizer,post,,,0,0,0,0.002,23.28
cell,28,optimizer_31,Optimizer,post,,,0,0,0,0.002,23.28
cell,28,optimizer_32,Optimizer,post,,,0,0,0,0.002,23.28
cell,28,optimizer_33,Optimizer,post,,,0,0,0,0.002,23.28
cell,28,optimizer_34,Optimizer,post,,,0,0,0,0.002,23.28
cell,28,optimizer_35,Optimizer,post,,,0,0,0,0.002,23.28
cell,28,optimizer_36,Optimizer,post,,,0,0,0,0.015,23.28
cell,28,optimizer_37,Optimizer,post,,,0,0,0,0.002,23.28
cell,28,optimizer_38,Optimizer,post,,,0,0,0,0.002,23.28
cell,28,optimizer_39,Optimizer,post,,,0,0,0,0.002,23.28
cell,28,optimizer_40,Optimizer,post,,,0,0,0,0.002,23.28
cell,28,optimizer_41,Optimizer,post,,,0,0,0,0.002,23.28
cell,28,optimizer_42,Optimizer,post,,,0,0,0,0.002,23.28
cell,28,optimizer_43,Optimizer,post,,,0,0,0,0.002,23.28
cell,28,optimizer_44,Optimizer,post,,,0,0,0,0.002,23.28
cell,28,optimizer_45,Optimizer,post,,,0,0,0,0.002,23.28
cell,28,optimizer_46,Optimizer,post,,,0,0,0,0.002,23.28
cell,28,optimizer_47,Optimizer,post,,,0,0,0,0.013,23.28
cell,28,optimizer_48,Optimizer,post,,,0,0,0,0.006,23.28
cell,28,optimizer_49,Optimizer,post,,,0,0,0,0.004,23.28
cell,29,optimizer_0,Optimizer,post,,,0,0,0,0.013,23.28
cell,29,optimizer_1,Optimizer,post,,,0,0,0,0.008,23.28
cell,29,optimizer_2,Optimizer,post,,,0,0,0,0.009,23.28
cell,29,optimizer_3,Optimizer,post,,,0,0,0,0.005,23.28
cell,29,optimizer_4,Optimizer,post,,,0,0,0,0.005,23.28
cell,29,optimizer_5,Optimizer,post,,,0,0,0,0.004,23.28
cell,29,optimizer_6,Optimizer,post,,,0,0,0,0.004,23.28
cell,29,optimizer_7,Optimizer,post,,,0,0,0,0.004,23.28
cell,29,optimizer_8,Optimizer,post,,,0,0,0,0.004,23.28
cell,29,optimizer_9,Optimizer,post,,,0,0,0,0.004,23.28
cell,29,optimizer_10,Optimizer,post,,,0,0,0,0.004,23.28
cell,29,optimizer_11,Optimizer,post,,,0,0,0,0.004,23.28
cell,29,optimizer_12,Optimizer,post,,,0,0,0,0.004,23.28
cell,29,optimizer_13,Optimizer,post,,,0,0,0,0.004,23.28
cell,29,optimizer_14,Optimizer,post,,,0,0,0,0.004,23.28
cell,29,optimizer_15,Optimizer,post,,,0,0,0,0.004,23.28
cell,29,optimizer_16,Optimizer,post,,,0,0,0,0.005,23.28
cell,29,optimizer_17,Optimizer,post,,,0,0,0,0.004,23.28
cell,29,optimizer_18,Optimizer,post,,,0,0,0,0.019,23.28
cell,29,optimizer_19,Optimizer,post,,,0,0,0,0.007,23.28
cell,29,optimizer_20,Optimizer,post,,,0,0,0,0.009,23.28
cell,29,optimizer_21,Optimizer,post,,,0,0,0,0.007,23.28
cell,29,optimizer_22,Optimizer,post,,,0,0,0,0.005,23.28
cell,29,optimizer_23,Optimizer,post,,,0,0,0,0.006,23.28
cell,29,optimizer_24,Optimizer,post,,,0,0,0,0.005,23.28
cell,29,optimizer_25,Optimizer,post,,,0,0,0,0.005,23.28
cell,29,optimizer_26,Optimizer,post,,,0,0,0,0.005,23.28
cell,29,optimizer_27,Optimizer,post,,,0,0,0,0.006,23.28
cell,29,optimizer_28,Optimizer,post,,,0,0,0,0.005,23.28
cell,29,optimizer_29,Optimizer,post,,,0,0,0,0.009,23.28
cell,29,optimizer_30,Optimizer,post,,,0,0,0,0.005,23.28
cell,29,optimizer_31,Optimizer,post,,,0,0,0,0.010,23.28
cell,29,optimizer_32,Optimizer,post,,,0,0,0,0.010,23.28
cell,29,optimizer_33,Optimizer,post,,,0,0,0,0.003,23.28
cell,29,optimizer_34,Optimizer,post,,,0,0,0,0.004,23.28
cell,29,optimizer_35,Optimizer,post,,,0,0,0,0.003,23.28
cell,29,optimizer_36,Optimizer,post,,,0,0,0,0.002,23.28
cell,29,optimizer_37,Optimizer,post,,,0,0,0,0.002,23.28
cell,29,optimizer_38,Optimizer,post,,,0,0,0,0.002,23.28
cell,29,optimizer_39,Optimizer,post,,,0,0,0,0.002,23.28
cell,29,optimizer_40,Optimizer,post,,,0,0,0,0.002,23.28
cell,29,optimizer_41,Optimizer,post,,,0,0,0,0.002,23.28
cell,29,optimizer_42,Optimizer,post,,,0,0,0,0.002,23.28
cell,29,optimizer_43,Optimizer,post,,,0,0,0,0.002,23.28
cell,29,optimizer_44,Optimizer,post,,,0,0,0,0.002,23.28
cell,29,optimizer_45,Optimizer,post,,,0,0,0,0.002,23.28
cell,29,optimizer_46,Optimizer,post,,,0,0,0,0.002,23.28
cell,29,optimizer_47,Optimizer,post,,,0,0,0,0.002,23.28
cell,29,optimizer_48,Optimizer,post,,,0,0,0,0.024,23.28
cell,29,optimizer_49,Optimizer,post,,,0,0,0,0.006,23.28
cell,30,optimizer_0,Optimizer,post,,,0,0,0,0.010,23.30
cell,30,optimizer_1,Optimizer,post,,,0,0,0,0.006,23.30
cell,30,optimizer_2,Optimizer,post,,,0,0,0,0.004,23.30
cell,30,optimizer_3,Optimizer,post,,,0,0,0,0.005,23.30
cell,30,optimizer_4,Optimizer,post,,,0,0,0,0.005,23.30
cell,30,optimizer_5,Optimizer,post,,,0,0,0,0.004,23.30
cell,30,optimizer_6,Optimizer,post,,,0,0,0,0.005,23.30
cell,30,optimizer_7,Optimizer,post,,,0,0,0,0.009,23.30
cell,30,optimizer_8,Optimizer,post,,,0,0,0,0.006,23.30
cell,30,optimizer_9,Optimizer,post,,,0,0,0,0.003,23.30
cell,30,optimizer_10,Optimizer,post,,,0,0,0,0.002,23.30
cell,30,optimizer_11,Optimizer,post,,,0,0,0,0.002,23.30
cell,30,optimizer_12,Optimizer,post,,,0,0,0,0.002,23.30
cell,30,optimizer_13,Optimizer,post,,,0,0,0,0.002,23.30
cell,30,optimizer_14,Optimizer,post,,,0,0,0,0.002,23.30
cell,30,optimizer_15,Optimizer,post,,,0,0,0,0.002,23.30
cell,30,optimizer_16,Optimizer,post,,,0,0,0,0.002,23.30
cell,30,optimizer_17,Optimizer,post,,,0,0,0,0.002,23.30
cell,30,optimizer_18,Optimizer,post,,,0,0,0,0.002,23.30
cell,30,optimizer_19,Optimizer,post,,,0,0,0,0.002,23.30
cell,30,optimizer_20,Optimizer,post,,,0,0,0,0.023,23.30
cell,30,optimizer_21,Optimizer,post,,,0,0,0,0.005,23.30
cell,30,optimizer_22,Optimizer,post,,,0,0,0,0.004,23.30
cell,30,optimizer_23,Optimizer,post,,,0,0,0,0.003,23.30
cell,30,optimizer_24,Optimizer,post,,,0,0,0,0.002,23.30
cell,30,optimizer_25,Optimizer,post,,,0,0,0,0.002,23.30
cell,30,optimizer_26,Optimizer,post,,,0,0,0,0.002,23.30
cell,30,optimizer_27,Optimizer,post,,,0,0,0,0.002,23.30
cell,30,optimizer_28,Optimizer,post,,,0,0,0,0.023,23.30
cell,30,optimizer_29,Optimizer,post,,,0,0,0,0.004,23.30
cell,30,optimizer_30,Optimizer,post,,,0,0,0,0.004,23.30
cell,30,optimizer_31,Optimizer,post,,,0,0,0,0.003,23.30
cell,30,optimizer_32,Optimizer,post,,,0,0,0,0.024,23.30
cell,30,optimizer_33,Optimizer,post,,,0,0,0,0.002,23.30
cell,30,optimizer_34,Optimizer,post,,,0,0,0,0.002,23.30
cell,30,optimizer_35,Optimizer,post,,,0,0,0,0.003,23.30
cell,30,optimizer_36,Optimizer,post,,,0,0,0,0.002,23.30
cell,30,optimizer_37,Optimizer,post,,,0,0,0,0.002,23.30
cell,30,optimizer_38,Optimizer,post,,,0,0,0,0.002,23.30
cell,30,optimizer_39,Optimizer,post,,,0,0,0,0.002,23.30
cell,30,optimizer_40,Optimizer,post,,,0,0,0,0.002,23.30
cell,30,optimizer_41,Optimizer,post,,,0,0,0,0.002,23.30
cell,30,optimizer_42,Optimizer,post,,,0,0,0,0.002,23.30
cell,30,optimizer_43,Optimizer,post,,,0,0,0,0.002,23.30
cell,30,optimizer_44,Optimizer,post,,,0,0,0,0.003,23.30
cell,30,optimizer_45,Optimizer,post,,,0,0,0,0.002,23.30
cell,30,optimizer_46,Optimizer,post,,,0,0,0,0.002,23.30
cell,30,optimizer_47,Optimizer,post,,,0,0,0,0.002,23.30
cell,30,optimizer_48,Optimizer,post,,,0,0,0,0.002,23.30
cell,30,optimizer_49,Optimizer,post,,,0,0,0,0.002,23.30
cell,31,optimizer_0,Optimizer,post,,,0,0,0,0.005,23.30
cell,31,optimizer_1,Optimizer,post,,,0,0,0,0.015,23.30
cell,31,optimizer_2,Optimizer,post,,,0,0,0,0.006,23.30
cell,31,optimizer_3,Optimizer,post,,,0,0,0,0.005,23.30
cell,31,optimizer_4,Optimizer,post,,,0,0,0,0.009,23.30
cell,31,optimizer_5,Optimizer,post,,,0,0,0,0.010,23.30
cell,31,optimizer_6,Optimizer,post,,,0,0,0,0.009,23.30
cell,31,optimizer_7,Optimizer,post,,,0,0,0,0.008,23.30
cell,31,optimizer_8,Optimizer,post,,,0,0,0,0.006,23.30
cell,31,optimizer_9,Optimizer,post,,,0,0,0,0.003,23.30
cell,31,optimizer_10,Optimizer,post,,,0,0,0,0.002,23.30
cell,31,optimizer_11,Optimizer,post,,,0,0,0,0.002,23.30
cell,31,optimizer_12,Optimizer,post,,,0,0,0,0.002,23.30
cell,31,optimizer_13,Optimizer,post,,,0,0,0,0.002,23.30
cell,31,optimizer_14,Optimizer,post,,,0,0,0,0.002,23.30
cell,31,optimizer_15,Optimizer,post,,,0,0,0,0.002,23.30
cell,31,optimizer_16,Optimizer,post,,,0,0,0,0.002,23.30
cell,31,optimizer_17,Optimizer,post,,,0,0,0,0.002,23.30
cell,31,optimizer_18,Optimizer,post,,,0,0,0,0.002,23.30
cell,31,optimizer_19,Optimizer,post,,,0,0,0,0.002,23.30
cell,31,optimizer_20,Optimizer,post,,,0,0,0,0.002,23.30
cell,31,optimizer_21,Optimizer,post,,,0,0,0,0.002,23.30
cell,31,optimizer_22,Optimizer,post,,,0,0,0,0.002,23.30
cell,31,optimizer_23,Optimizer,post,,,0,0,0,0.002,23.30
cell,31,optimizer_24,Optimizer,post,,,0,0,0,0.002,23.30
cell,31,optimizer_25,Optimizer,post,,,0,0,0,0.002,23.30
cell,31,optimizer_26,Optimizer,post,,,0,0,0,0.008,23.30
cell,31,optimizer_27,Optimizer,post,,,0,0,0,0.006,23.30
cell,31,optimizer_28,Optimizer,post,,,0,0,0,0.005,23.30
cell,31,optimizer_29,Optimizer,post,,,0,0,0,0.010,23.30
cell,31,optimizer_30,Optimizer,post,,,0,0,0,0.008,23.30
cell,31,optimizer_31,Optimizer,post,,,0,0,0,0.031,23.30
cell,31,optimizer_32,Optimizer,post,,,0,0,0,0.006,23.30
cell,31,optimizer_33,Optimizer,post,,,0,0,0,0.003,23.30
cell,31,optimizer_34,Optimizer,post,,,0,0,0,0.004,23.30
cell,31,optimizer_35,Optimizer,post,,,0,0,0,0.002,23.30
cell,31,optimizer_36,Optimizer,post,,,0,0,0,0.002,23.30
cell,31,optimizer_37,Optimizer,post,,,0,0,0,0.002,23.30
cell,31,optimizer_38,Optimizer,post,,,0,0,0,0.002,23.30
cell,31,optimizer_39,Optimizer,post,,,0,0,0,0.003,23.30
cell,31,optimizer_40,Optimizer,post,,,0,0,0,0.002,23.30
cell,31,optimizer_41,Optimizer,post,,,0,0,0,0.002,23.30
cell,31,optimizer_42,Optimizer,post,,,0,0,0,0.002,23.30
cell,31,optimizer_43,Optimizer,post,,,0,0,0,0.002,23.30
cell,31,optimizer_44,Optimizer,post,,,0,0,0,0.002,23.30
cell,31,optimizer_45,Optimizer,post,,,0,0,0,0.002,23.30
cell,31,optimizer_46,Optimizer,post,,,0,0,0,0.002,23.30
cell,31,optimizer_47,Optimizer,post,,,0,0,0,0.002,23.30
cell,31,optimizer_48,Optimizer,post,,,0,0,0,0.002,23.30
cell,31,optimizer_49,Optimizer,post,,,0,0,0,0.002,23.30
cell,32,optimizer_0,Optimizer,post,,,0,0,0,0.004,23.30
cell,32,optimizer_1,Optimizer,post,,,0,0,0,0.018,23.30
cell,32,optimizer_2,Optimizer,post,,,0,0,0,0.007,23.30
cell,32,optimizer_3,Optimizer,post,,,0,0,0,0.007,23.30
cell,32,optimizer_4,Optimizer,post,,,0,0,0,0.005,23.30
cell,32,optimizer_5,Optimizer,post,,,0,0,0,0.004,23.30
cell,32,optimizer_6,Optimizer,post,,,0,0,0,0.003,23.30
cell,32,optimizer_7,Optimizer,post,,,0,0,0,0.038,23.30
cell,32,optimizer_8,Optimizer,post,,,0,0,0,0.002,23.30
cell,32,optimizer_9,Optimizer,post,,,0,0,0,0.013,23.30
cell,32,optimizer_10,Optimizer,post,,,0,0,0,0.006,23.30
cell,32,optimizer_11,Optimizer,post,,,0,0,0,0.008,23.30
cell,32,optimizer_12,Optimizer,post,,,0,0,0,0.009,23.30
cell,32,optimizer_13,Optimizer,post,,,0,0,0,0.006,23.30
cell,32,optimizer_14,Optimizer,post,,,0,0,0,0.006,23.30
cell,32,optimizer_15,Optimizer,post,,,0,0,0,0.006,23.30
cell,32,optimizer_16,Optimizer,post,,,0,0,0,0.006,23.30
cell,32,optimizer_17,Optimizer,post,,,0,0,0,0.003,23.30
cell,32,optimizer_18,Optimizer,post,,,0,0,0,0.016,23.30
cell,32,optimizer_19,Optimizer,post,,,0,0,0,0.008,23.30
cell,32,optimizer_20,Optimizer,post,,,0,0,0,0.130,23.30
cell,32,optimizer_21,Optimizer,post,,,0,0,0,0.010,23.30
cell,32,optimizer_22,Optimizer,post,,,0,0,0,0.007,23.30
cell,32,optimizer_23,Optimizer,post,,,0,0,0,0.004,23.30
cell,32,optimizer_24,Optimizer,post,,,0,0,0,0.002,23.30
cell,32,optimizer_25,Optimizer,post,,,0,0,0,0.003,23.30
cell,32,optimizer_26,Optimizer,post,,,0,0,0,0.004,23.30
cell,32,optimizer_27,Optimizer,post,,,0,0,0,0.002,23.30
cell,32,optimizer_28,Optimizer,post,,,0,0,0,0.002,23.30
cell,32,optimizer_29,Optimizer,post,,,0,0,0,0.003,23.30
cell,32,optimizer_30,Optimizer,post,,,0,0,0,0.003,23.30
cell,32,optimizer_31,Optimizer,post,,,0,0,0,0.003,23.30
cell,32,optimizer_32,Optimizer,post,,,0,0,0,0.002,23.30
cell,32,optimizer_33,Optimizer,post,,,0,0,0,0.002,23.30
cell,32,optimizer_34,Optimizer,post,,,0,0,0,0.002,23.30
cell,32,optimizer_35,Optimizer,post,,,0,0,0,0.002,23.30
cell,32,optimizer_36,Optimizer,post,,,0,0,0,0.002,23.30
cell,32,optimizer_37,Optimizer,post,,,0,0,0,0.002,23.30
cell,32,optimizer_38,Optimizer,post,,,0,0,0,0.002,23.30
cell,32,optimizer_39,Optimizer,post,,,0,0,0,0.002,23.30
cell,32,optimizer_40,Optimizer,post,,,0,0,0,0.001,23.30
cell,32,optimizer_41,Optimizer,post,,,0,0,0,0.002,23.30
cell,32,optimizer_42,Optimizer,post,,,0,0,0,0.003,23.30
cell,32,optimizer_43,Optimizer,post,,,0,0,0,0.016,23.30
cell,32,optimizer_44,Optimizer,post,,,0,0,0,0.006,23.30
cell,32,optimizer_45,Optimizer,post,,,0,0,0,0.005,23.30
cell,32,optimizer_46,Optimizer,post,,,0,0,0,0.002,23.30
cell,32,optimizer_47,Optimizer,post,,,0,0,0,0.012,23.30
cell,32,optimizer_48,Optimizer,post,,,0,0,0,0.301,23.30
cell,32,optimizer_49,Optimizer,post,,,0,0,0,0.008,23.30
cell,33,optimizer_0,Optimizer,post,,,0,0,0,0.006,23.30
cell,33,optimizer_1,Optimizer,post,,,0,0,0,0.002,23.30
cell,33,optimizer_2,Optimizer,post,,,0,0,0,0.002,23.30
cell,33,optimizer_3,Optimizer,post,,,0,0,0,0.002,23.30
cell,33,optimizer_4,Optimizer,post,,,0,0,0,0.002,23.30
cell,33,optimizer_5,Optimizer,post,,,0,0,0,0.002,23.30
cell,33,optimizer_6,Optimizer,post,,,0,0,0,0.002,23.30
cell,33,optimizer_7,Optimizer,post,,,0,0,0,0.002,23.30
cell,33,optimizer_8,Optimizer,post,,,0,0,0,0.035,23.30
cell,33,optimizer_9,Optimizer,post,,,0,0,0,0.013,23.30
cell,33,optimizer_10,Optimizer,post,,,0,0,0,0.004,23.30
cell,33,optimizer_11,Optimizer,post,,,0,0,0,0.002,23.30
cell,33,optimizer_12,Optimizer,post,,,0,0,0,0.002,23.30
cell,33,optimizer_13,Optimizer,post,,,0,0,0,0.002,23.30
cell,33,optimizer_14,Optimizer,post,,,0,0,0,0.002,23.30
cell,33,optimizer_15,Optimizer,post,,,0,0,0,0.002,23.30
cell,33,optimizer_16,Optimizer,post,,,0,0,0,0.002,23.30
cell,33,optimizer_17,Optimizer,post,,,0,0,0,0.002,23.30
cell,33,optimizer_18,Optimizer,post,,,0,0,0,0.002,23.30
cell,33,optimizer_19,Optimizer,post,,,0,0,0,0.002,23.30
cell,33,optimizer_20,Optimizer,post,,,0,0,0,0.002,23.30
cell,33,optimizer_21,Optimizer,post,,,0,0,0,0.002,23.30
cell,33,optimizer_22,Optimizer,post,,,0,0,0,0.002,23.30
cell,33,optimizer_23,Optimizer,post,,,0,0,0,0.002,23.30
cell,33,optimizer_24,Optimizer,post,,,0,0,0,0.002,23.30
cell,33,optimizer_25,Optimizer,post,,,0,0,0,0.002,23.30
cell,33,optimizer_26,Optimizer,post,,,0,0,0,0.002,23.30
cell,33,optimizer_27,Optimizer,post,,,0,0,0,0.004,23.30
cell,33,optimizer_28,Optimizer,post,,,0,0,0,0.028,23.30
cell,33,optimizer_29,Optimizer,post,,,0,0,0,0.003,23.30
cell,33,optimizer_30,Optimizer,post,,,0,0,0,0.035,23.30
cell,33,optimizer_31,Optimizer,post,,,0,0,0,0.003,23.30
cell,33,optimizer_32,Optimizer,post,,,0,0,0,0.002,23.30
cell,33,optimizer_33,Optimizer,post,,,0,0,0,0.002,23.30
cell,33,optimizer_34,Optimizer,post,,,0,0,0,0.014,23.30
cell,33,optimizer_35,Optimizer,post,,,0,0,0,0.003,23.30
cell,33,optimizer_36,Optimizer,post,,,0,0,0,0.002,23.30
cell,33,optimizer_37,Optimizer,post,,,0,0,0,0.002,23.30
cell,33,optimizer_38,Optimizer,post,,,0,0,0,0.002,23.30
cell,33,optimizer_39,Optimizer,post,,,0,0,0,0.002,23.30
cell,33,optimizer_40,Optimizer,post,,,0,0,0,0.010,23.30
cell,33,optimizer_41,Optimizer,post,,,0,0,0,0.004,23.30
cell,33,optimizer_42,Optimizer,post,,,0,0,0,0.003,23.30
cell,33,optimizer_43,Optimizer,post,,,0,0,0,0.002,23.30
cell,33,optimizer_44,Optimizer,post,,,0,0,0,0.003,23.30
cell,33,optimizer_45,Optimizer,post,,,0,0,0,0.002,23.30
cell,33,optimizer_46,Optimizer,post,,,0,0,0,0.002,23.30
cell,33,optimizer_47,Optimizer,post,,,0,0,0,0.002,23.30
cell,33,optimizer_48,Optimizer,post,,,0,0,0,0.002,23.30
cell,33,optimizer_49,Optimizer,post,,,0,0,0,0.002,23.30
cell,34,optimizer_0,Optimizer,post,,,0,0,0,0.005,23.30
cell,34,optimizer_1,Optimizer,post,,,0,0,0,0.003,23.30
cell,34,optimizer_2,Optimizer,post,,,0,0,0,0.003,23.30
cell,34,optimizer_3,Optimizer,post,,,0,0,0,0.003,23.30
cell,34,optimizer_4,Optimizer,post,,,0,0,0,0.002,23.30
cell,34,optimizer_5,Optimizer,post,,,0,0,0,0.002,23.30
cell,34,optimizer_6,Optimizer,post,,,0,0,0,0.003,23.30
cell,34,optimizer_7,Optimizer,post,,,0,0,0,0.002,23.30
cell,34,optimizer_8,Optimizer,post,,,0,0,0,0.003,23.30
cell,34,optimizer_9,Optimizer,post,,,0,0,0,0.112,23.30
cell,34,optimizer_10,Optimizer,post,,,0,0,0,0.002,23.30
cell,34,optimizer_11,Optimizer,post,,,0,0,0,0.002,23.30
cell,34,optimizer_12,Optimizer,post,,,0,0,0,0.003,23.30
cell,34,optimizer_13,Optimizer,post,,,0,0,0,0.015,23.30
cell,34,optimizer_14,Optimizer,post,,,0,0,0,0.004,23.30
cell,34,optimizer_15,Optimizer,post,,,0,0,0,0.002,23.30
cell,34,optimizer_16,Optimizer,post,,,0,0,0,0.003,23.30
cell,34,optimizer_17,Optimizer,post,,,0,0,0,0.234,23.30
cell,34,optimizer_18,Optimizer,post,,,0,0,0,0.034,23.30
cell,34,optimizer_19,Optimizer,post,,,0,0,0,0.002,23.30
cell,34,optimizer_20,Optimizer,post,,,0,0,0,0.002,23.30
cell,34,optimizer_21,Optimizer,post,,,0,0,0,0.034,23.30
cell,34,optimizer_22,Optimizer,post,,,0,0,0,0.003,23.30
cell,34,optimizer_23,Optimizer,post,,,0,0,0,0.003,23.30
cell,34,optimizer_24,Optimizer,post,,,0,0,0,0.003,23.30
cell,34,optimizer_25,Optimizer,post,,,0,0,0,0.002,23.30
cell,34,optimizer_26,Optimizer,post,,,0,0,0,0.002,23.30
cell,34,optimizer_27,Optimizer,post,,,0,0,0,0.002,23.30
cell,34,optimizer_28,Optimizer,post,,,0,0,0,0.003,23.30
cell,34,optimizer_29,Optimizer,post,,,0,0,0,0.002,23.30
cell,34,optimizer_30,Optimizer,post,,,0,0,0,0.018,23.30
cell,34,optimizer_31,Optimizer,post,,,0,0,0,0.009,23.30
cell,34,optimizer_32,Optimizer,post,,,0,0,0,0.006,23.30
cell,34,optimizer_33,Optimizer,post,,,0,0,0,0.004,23.30
cell,34,optimizer_34,Optimizer,post,,,0,0,0,0.014,23.30
cell,34,optimizer_35,Optimizer,post,,,0,0,0,0.010,23.30
cell,34,optimizer_36,Optimizer,post,,,0,0,0,0.010,23.30
cell,34,optimizer_37,Optimizer,post,,,0,0,0,0.006,23.30
cell,34,optimizer_38,Optimizer,post,,,0,0,0,0.005,23.30
cell,34,optimizer_39,Optimizer,post,,,0,0,0,0.005,23.30
cell,34,optimizer_40,Optimizer,post,,,0,0,0,0.006,23.30
cell,34,optimizer_41,Optimizer,post,,,0,0,0,0.007,23.30
cell,34,optimizer_42,Optimizer,post,,,0,0,0,0.005,23.30
cell,34,optimizer_43,Optimizer,post,,,0,0,0,0.005,23.30
cell,34,optimizer_44,Optimizer,post,,,0,0,0,0.005,23.30
cell,34,optimizer_45,Optimizer,post,,,0,0,0,0.002,23.30
cell,34,optimizer_46,Optimizer,post,,,0,0,0,0.002,23.30
cell,34,optimizer_47,Optimizer,post,,,0,0,0,0.002,23.30
cell,34,optimizer_48,Optimizer,post,,,0,0,0,0.002,23.30
cell,34,optimizer_49,Optimizer,post,,,0,0,0,0.002,23.30
cell,35,optimizer_0,Optimizer,post,,,0,0,0,0.003,23.30
cell,35,optimizer_1,Optimizer,post,,,0,0,0,0.002,23.30
cell,35,optimizer_2,Optimizer,post,,,0,0,0,0.002,23.30
cell,35,optimizer_3,Optimizer,post,,,0,0,0,0.002,23.30
cell,35,optimizer_4,Optimizer,post,,,0,0,0,0.002,23.30
cell,35,optimizer_5,Optimizer,post,,,0,0,0,0.002,23.30
cell,35,optimizer_6,Optimizer,post,,,0,0,0,0.002,23.30
cell,35,optimizer_7,Optimizer,post,,,0,0,0,0.002,23.30
cell,35,optimizer_8,Optimizer,post,,,0,0,0,0.002,23.30
cell,35,optimizer_9,Optimizer,post,,,0,0,0,0.002,23.30
cell,35,optimizer_10,Optimizer,post,,,0,0,0,0.002,23.30
cell,35,optimizer_11,Optimizer,post,,,0,0,0,0.002,23.30
cell,35,optimizer_12,Optimizer,post,,,0,0,0,0.002,23.30
cell,35,optimizer_13,Optimizer,post,,,0,0,0,0.002,23.30
cell,35,optimizer_14,Optimizer,post,,,0,0,0,0.002,23.30
cell,35,optimizer_15,Optimizer,post,,,0,0,0,0.003,23.30
cell,35,optimizer_16,Optimizer,post,,,0,0,0,0.002,23.30
