run_id,t,agent_id,agent_type,action_type,price_cperkwh,qty_kwh,offers_seen,solver_calls,learners_steps,wall_ms,mem_mb
cell,0,optimizer_0,Optimizer,post,,,0,0,0,0.003,48.42
cell,0,optimizer_1,Optimizer,post,,,0,0,0,0.001,48.42
cell,0,optimizer_2,Optimizer,post,,,0,0,0,0.002,48.42
cell,0,optimizer_3,Optimizer,post,,,0,0,0,0.001,48.42
cell,0,optimizer_4,Optimizer,post,,,0,0,0,0.001,48.42
cell,0,optimizer_5,Optimizer,post,,,0,0,0,0.001,48.42
cell,0,optimizer_6,Optimizer,post,,,0,0,0,0.002,48.42
cell,0,optimizer_7,Optimizer,post,,,0,0,0,0.001,48.42
cell,0,optimizer_8,Optimizer,post,,,0,0,0,0.001,48.42
cell,0,optimizer_9,Optimizer,post,,,0,0,0,0.001,48.42
cell,0,optimizer_10,Optimizer,post,,,0,0,0,0.001,48.42
cell,0,optimizer_11,Optimizer,post,,,0,0,0,0.001,48.42
cell,0,optimizer_12,Optimizer,post,,,0,0,0,0.001,48.42
cell,0,optimizer_13,Optimizer,post,,,0,0,0,0.001,48.42
cell,0,optimizer_14,Optimizer,post,,,0,0,0,0.001,48.42
cell,0,optimizer_15,Optimizer,post,,,0,0,0,0.001,48.42
cell,0,optimizer_16,Optimizer,post,,,0,0,0,0.001,48.42
cell,0,optimizer_17,Optimizer,post,,,0,0,0,0.001,48.42
cell,0,optimizer_18,Optimizer,post,,,0,0,0,0.001,48.42
cell,0,optimizer_19,Optimizer,post,,,0,0,0,0.001,48.42
cell,0,optimizer_20,Optimizer,post,,,0,0,0,0.001,48.42
cell,0,optimizer_21,Optimizer,post,,,0,0,0,0.001,48.42
cell,0,optimizer_22,Optimizer,post,,,0,0,0,0.001,48.42
cell,0,optimizer_23,Optimizer,post,,,0,0,0,0.001,48.42
cell,0,optimizer_24,Optimizer,post,,,0,0,0,0.001,48.42
cell,0,optimizer_25,Optimizer,post,,,0,0,0,0.001,48.42
cell,0,optimizer_26,Optimizer,post,,,0,0,0,0.001,48.42
cell,0,optimizer_27,Optimizer,post,,,0,0,0,0.001,48.42
cell,0,optimizer_28,Optimizer,post,,,0,0,0,0.001,48.42
cell,0,optimizer_29,Optimizer,post,,,0,0,0,0.001,48.42
cell,0,optimizer_30,Optimizer,post,,,0,0,0,0.001,48.42
cell,0,optimizer_31,Optimizer,post,,,0,0,0,0.001,48.42
cell,0,optimizer_32,Optimizer,post,,,0,0,0,0.001,48.42
cell,0,optimizer_33,Optimizer,post,,,0,0,0,0.001,48.42
cell,0,optimizer_34,Optimizer,post,,,0,0,0,0.001,48.42
cell,0,optimizer_35,Optimizer,post,,,0,0,0,0.001,48.42
cell,0,optimizer_36,Optimizer,post,,,0,0,0,0.001,48.42
cell,0,optimizer_37,Optimizer,post,,,0,0,0,0.001,48.42
cell,0,optimizer_38,Optimizer,post,,,0,0,0,0.001,48.42
cell,0,optimizer_39,Optimizer,post,,,0,0,0,0.001,48.42
cell,0,optimizer_40,Optimizer,post,,,0,0,0,0.001,48.42
cell,0,optimizer_41,Optimizer,post,,,0,0,0,0.001,48.42
cell,0,optimizer_42,Optimizer,post,,,0,0,0,0.001,48.42
cell,0,optimizer_43,Optimizer,post,,,0,0,0,0.001,48.42
cell,0,optimizer_44,Optimizer,post,,,0,0,0,0.001,48.42
cell,0,optimizer_45,Optimizer,post,,,0,0,0,0.001,48.42
cell,0,optimizer_46,Optimizer,post,,,0,0,0,0.001,48.42
cell,0,optimizer_47,Optimizer,post,,,0,0,0,0.001,48.42
cell,0,optimizer_48,Optimizer,post,,,0,0,0,0.001,48.42
cell,0,optimizer_49,Optimizer,post,,,0,0,0,0.001,48.42
cell,0,optimizer_50,Optimizer,post,,,0,0,0,0.001,48.42
cell,0,optimizer_51,Optimizer,post,,,0,0,0,0.001,48.42
cell,0,optimizer_52,Optimizer,post,,,0,0,0,0.001,48.42
cell,0,optimizer_53,Optimizer,post,,,0,0,0,0.001,48.42
cell,0,optimizer_54,Optimizer,post,,,0,0,0,0.001,48.42
cell,0,optimizer_55,Optimizer,post,,,0,0,0,0.001,48.42
cell,0,optimizer_56,Optimizer,post,,,0,0,0,0.001,48.42
cell,0,optimizer_57,Optimizer,post,,,0,0,0,0.001,48.42
cell,0,optimizer_58,Optimizer,post,,,0,0,0,0.001,48.42
cell,0,optimizer_59,Optimizer,post,,,0,0,0,0.001,48.42
cell,0,optimizer_60,Optimizer,post,,,0,0,0,0.001,48.42
cell,0,optimizer_61,Optimizer,post,,,0,0,0,0.001,48.42
cell,0,optimizer_62,Optimizer,post,,,0,0,0,0.001,48.42
cell,0,optimizer_63,Optimizer,post,,,0,0,0,0.001,48.42
cell,0,optimizer_64,Optimizer,post,,,0,0,0,0.001,48.42
cell,0,optimizer_65,Optimizer,post,,,0,0,0,0.001,48.42
cell,0,optimizer_66,Optimizer,post,,,0,0,0,0.001,48.42
cell,0,optimizer_67,Optimizer,post,,,0,0,0,0.001,48.42
cell,0,optimizer_68,Optimizer,post,,,0,0,0,0.001,48.42
cell,0,optimizer_69,Optimizer,post,,,0,0,0,0.001,48.42
cell,0,optimizer_70,Optimizer,post,,,0,0,0,0.001,48.42
cell,0,optimizer_71,Optimizer,post,,,0,0,0,0.001,48.42
cell,0,optimizer_72,Optimizer,post,,,0,0,0,0.001,48.42
cell,0,optimizer_73,Optimizer,post,,,0,0,0,0.001,48.42
cell,0,optimizer_74,Optimizer,post,,,0,0,0,0.001,48.42
cell,0,optimizer_75,Optimizer,post,,,0,0,0,0.001,48.42
cell,0,optimizer_76,Optimizer,post,,,0,0,0,0.001,48.42
cell,0,optimizer_77,Optimizer,post,,,0,0,0,0.001,48.42
cell,0,optimizer_78,Optimizer,post,,,0,0,0,0.001,48.42
cell,0,optimizer_79,Optimizer,post,,,0,0,0,0.001,48.42
cell,0,optimizer_80,Optimizer,post,,,0,0,0,0.001,48.42
cell,0,optimizer_81,Optimizer,post,,,0,0,0,0.001,48.42
cell,0,optimizer_82,Optimizer,post,,,0,0,0,0.001,48.42
cell,0,optimizer_83,Optimizer,post,,,0,0,0,0.001,48.42
cell,0,optimizer_84,Optimizer,post,,,0,0,0,0.001,48.42
cell,0,optimizer_85,Optimizer,post,,,0,0,0,0.001,48.42
cell,0,optimizer_86,Optimizer,post,,,0,0,0,0.001,48.42
cell,0,optimizer_87,Optimizer,post,,,0,0,0,0.001,48.42
cell,0,optimizer_88,Optimizer,post,,,0,0,0,0.001,48.42
cell,0,optimizer_89,Optimizer,post,,,0,0,0,0.001,48.42
cell,0,optimizer_90,Optimizer,post,,,0,0,0,0.001,48.42
cell,0,optimizer_91,Optimizer,post,,,0,0,0,0.001,48.42
cell,0,optimizer_92,Optimizer,post,,,0,0,0,0.001,48.42
cell,0,optimizer_93,Optimizer,post,,,0,0,0,0.001,48.42
cell,0,optimizer_94,Optimizer,post,,,0,0,0,0.001,48.42
cell,0,optimizer_95,Optimizer,post,,,0,0,0,0.001,48.42
cell,0,optimizer_96,Optimizer,post,,,0,0,0,0.001,48.42
cell,0,optimizer_97,Optimizer,post,,,0,0,0,0.001,48.42
cell,0,optimizer_98,Optimizer,post,,,0,0,0,0.001,48.42
cell,0,optimizer_99,Optimizer,post,,,0,0,0,0.001,48.42
cell,0,optimizer_100,Optimizer,post,,,0,0,0,0.001,48.42
cell,0,optimizer_101,Optimizer,post,,,0,0,0,0.001,48.42
cell,0,optimizer_102,Optimizer,post,,,0,0,0,0.001,48.42
cell,0,optimizer_103,Optimizer,post,,,0,0,0,0.001,48.42
cell,0,optimizer_104,Optimizer,post,,,0,0,0,0.001,48.42
cell,0,optimizer_105,Optimizer,post,,,0,0,0,0.001,48.42
cell,0,optimizer_106,Optimizer,post,,,0,0,0,0.001,48.42
cell,0,optimizer_107,Optimizer,post,,,0,0,0,0.001,48.42
cell,0,optimizer_108,Optimizer,post,,,0,0,0,0.001,48.42
cell,0,optimizer_109,Optimizer,post,,,0,0,0,0.001,48.42
cell,0,optimizer_110,Optimizer,post,,,0,0,0,0.001,48.42
cell,0,optimizer_111,Optimizer,post,,,0,0,0,0.001,48.42
cell,0,optimizer_112,Optimizer,post,,,0,0,0,0.001,48.42
cell,0,optimizer_113,Optimizer,post,,,0,0,0,0.001,48.42
cell,0,optimizer_114,Optimizer,post,,,0,0,0,0.001,48.42
cell,0,optimizer_115,Optimizer,post,,,0,0,0,0.001,48.42
cell,0,optimizer_116,Optimizer,post,,,0,0,0,0.001,48.42
cell,0,optimizer_117,Optimizer,post,,,0,0,0,0.001,48.42
cell,0,optimizer_118,Optimizer,post,,,0,0,0,0.001,48.42
cell,0,optimizer_119,Optimizer,post,,,0,0,0,0.001,48.42
cell,0,optimizer_120,Optimizer,post,,,0,0,0,0.001,48.42
cell,0,optimizer_121,Optimizer,post,,,0,0,0,0.001,48.42
cell,0,optimizer_122,Optimizer,post,,,0,0,0,0.001,48.42
cell,0,optimizer_123,Optimizer,post,,,0,0,0,0.001,48.42
cell,0,optimizer_124,Optimizer,post,,,0,0,0,0.001,48.42
cell,0,optimizer_125,Optimizer,post,,,0,0,0,0.001,48.42
cell,0,optimizer_126,Optimizer,post,,,0,0,0,0.001,48.42
cell,0,optimizer_127,Optimizer,post,,,0,0,0,0.001,48.42
cell,0,optimizer_128,Optimizer,post,,,0,0,0,0.001,48.42
cell,0,optimizer_129,Optimizer,post,,,0,0,0,0.001,48.42
cell,0,optimizer_130,Optimizer,post,,,0,0,0,0.001,48.42
cell,0,optimizer_131,Optimizer,post,,,0,0,0,0.001,48.42
cell,0,optimizer_132,Optimizer,post,,,0,0,0,0.001,48.42
cell,0,optimizer_133,Optimizer,post,,,0,0,0,0.001,48.42
cell,0,optimizer_134,Optimizer,post,,,0,0,0,0.001,48.42
cell,0,optimizer_135,Optimizer,post,,,0,0,0,0.001,48.42
cell,0,optimizer_136,Optimizer,post,,,0,0,0,0.001,48.42
cell,0,optimizer_137,Optimizer,post,,,0,0,0,0.001,48.42
cell,0,optimizer_138,Optimizer,post,,,0,0,0,0.001,48.42
cell,0,optimizer_139,Optimizer,post,,,0,0,0,0.001,48.42
cell,0,optimizer_140,Optimizer,post,,,0,0,0,0.001,48.42
cell,0,optimizer_141,Optimizer,post,,,0,0,0,0.001,48.42
cell,0,optimizer_142,Optimizer,post,,,0,0,0,0.001,48.42
cell,0,optimizer_143,Optimizer,post,,,0,0,0,0.001,48.42
cell,0,optimizer_144,Optimizer,post,,,0,0,0,0.001,48.42
cell,0,optimizer_145,Optimizer,post,,,0,0,0,0.001,48.42
cell,0,optimizer_146,Optimizer,post,,,0,0,0,0.001,48.42
cell,0,optimizer_147,Optimizer,post,,,0,0,0,0.001,48.42
cell,0,optimizer_148,Optimizer,post,,,0,0,0,0.001,48.42
cell,0,optimizer_149,Optimizer,post,,,0,0,0,0.001,48.42
cell,0,optimizer_150,Optimizer,post,,,0,0,0,0.001,48.42
cell,0,optimizer_151,Optimizer,post,,,0,0,0,0.001,48.42
cell,0,optimizer_152,Optimizer,post,,,0,0,0,0.001,48.42
cell,0,optimizer_153,Optimizer,post,,,0,0,0,0.001,48.42
cell,0,optimizer_154,Optimizer,post,,,0,0,0,0.001,48.42
cell,0,optimizer_155,Optimizer,post,,,0,0,0,0.001,48.42
cell,0,optimizer_156,Optimizer,post,,,0,0,0,0.001,48.42
cell,0,optimizer_157,Optimizer,post,,,0,0,0,0.001,48.42
cell,0,optimizer_158,Optimizer,post,,,0,0,0,0.001,48.42
cell,0,optimizer_159,Optimizer,post,,,0,0,0,0.001,48.42
cell,0,optimizer_160,Optimizer,post,,,0,0,0,0.001,48.42
cell,0,optimizer_161,Optimizer,post,,,0,0,0,0.001,48.42
cell,0,optimizer_162,Optimizer,post,,,0,0,0,0.001,48.42
cell,0,optimizer_163,Optimizer,post,,,0,0,0,0.001,48.42
cell,0,optimizer_164,Optimizer,post,,,0,0,0,0.001,48.42
cell,0,optimizer_165,Optimizer,post,,,0,0,0,0.001,48.42
cell,0,optimizer_166,Optimizer,post,,,0,0,0,0.001,48.42
cell,0,optimizer_167,Optimizer,post,,,0,0,0,0.001,48.42
cell,0,optimizer_168,Optimizer,post,,,0,0,0,0.001,48.42
cell,0,optimizer_169,Optimizer,post,,,0,0,0,0.001,48.42
cell,0,optimizer_170,Optimizer,post,,,0,0,0,0.001,48.42
cell,0,optimizer_171,Optimizer,post,,,0,0,0,0.001,48.42
cell,0,optimizer_172,Optimizer,post,,,0,0,0,0.001,48.42
cell,0,optimizer_173,Optimizer,post,,,0,0,0,0.001,48.42
cell,0,optimizer_174,Optimizer,post,,,0,0,0,0.001,48.42
cell,0,optimizer_175,Optimizer,post,,,0,0,0,0.001,48.42
cell,0,optimizer_176,Optimizer,post,,,0,0,0,0.001,48.42
cell,0,optimizer_177,Optimizer,post,,,0,0,0,0.001,48.42
cell,0,optimizer_178,Optimizer,post,,,0,0,0,0.001,48.42
cell,0,optimizer_179,Optimizer,post,,,0,0,0,0.001,48.42
cell,0,optimizer_180,Optimizer,post,,,0,0,0,0.001,48.42
cell,0,optimizer_181,Optimizer,post,,,0,0,0,0.001,48.42
cell,0,optimizer_182,Optimizer,post,,,0,0,0,0.001,48.42
cell,0,optimizer_183,Optimizer,post,,,0,0,0,0.001,48.42
cell,0,optimizer_184,Optimizer,post,,,0,0,0,0.001,48.42
cell,0,optimizer_185,Optimizer,post,,,0,0,0,0.001,48.42
cell,0,optimizer_186,Optimizer,post,,,0,0,0,0.001,48.42
cell,0,optimizer_187,Optimizer,post,,,0,0,0,0.001,48.42
cell,0,optimizer_188,Optimizer,post,,,0,0,0,0.001,48.42
cell,0,optimizer_189,Optimizer,post,,,0,0,0,0.001,48.42
cell,0,optimizer_190,Optimizer,post,,,0,0,0,0.001,48.42
cell,0,optimizer_191,Optimizer,post,,,0,0,0,0.001,48.42
cell,0,optimizer_192,Optimizer,post,,,0,0,0,0.001,48.42
cell,0,optimizer_193,Optimizer,post,,,0,0,0,0.001,48.42
cell,0,optimizer_194,Optimizer,post,,,0,0,0,0.001,48.42
cell,0,optimizer_195,Optimizer,post,,,0,0,0,0.001,48.42
cell,0,optimizer_196,Optimizer,post,,,0,0,0,0.001,48.42
cell,0,optimizer_197,Optimizer,post,,,0,0,0,0.001,48.42
cell,0,optimizer_198,Optimizer,post,,,0,0,0,0.001,48.42
cell,0,optimizer_199,Optimizer,post,,,0,0,0,0.001,48.42
cell,1,optimizer_0,Optimizer,post,,,0,0,0,0.001,48.42
cell,1,optimizer_1,Optimizer,post,,,0,0,0,0.001,48.42
cell,1,optimizer_2,Optimizer,post,,,0,0,0,0.001,48.42
cell,1,optimizer_3,Optimizer,post,,,0,0,0,0.001,48.42
cell,1,optimizer_4,Optimizer,post,,,0,0,0,0.001,48.42
cell,1,optimizer_5,Optimizer,post,,,0,0,0,0.001,48.42
cell,1,optimizer_6,Optimizer,post,,,0,0,0,0.001,48.42
cell,1,optimizer_7,Optimizer,post,,,0,0,0,0.001,48.42
cell,1,optimizer_8,Optimizer,post,,,0,0,0,0.001,48.42
cell,1,optimizer_9,Optimizer,post,,,0,0,0,0.001,48.42
cell,1,optimizer_10,Optimizer,post,,,0,0,0,0.001,48.42
cell,1,optimizer_11,Optimizer,post,,,0,0,0,0.001,48.42
cell,1,optimizer_12,Optimizer,post,,,0,0,0,0.001,48.42
cell,1,optimizer_13,Optimizer,post,,,0,0,0,0.001,48.42
cell,1,optimizer_14,Optimizer,post,,,0,0,0,0.001,48.42
cell,1,optimizer_15,Optimizer,post,,,0,0,0,0.001,48.42
cell,1,optimizer_16,Optimizer,post,,,0,0,0,0.001,48.42
cell,1,optimizer_17,Optimizer,post,,,0,0,0,0.001,48.42
cell,1,optimizer_18,Optimizer,post,,,0,0,0,0.001,48.42
cell,1,optimizer_19,Optimizer,post,,,0,0,0,0.001,48.42
cell,1,optimizer_20,Optimizer,post,,,0,0,0,0.001,48.42
cell,1,optimizer_21,Optimizer,post,,,0,0,0,0.001,48.42
cell,1,optimizer_22,Optimizer,post,,,0,0,0,0.001,48.42
cell,1,optimizer_23,Optimizer,post,,,0,0,0,0.001,48.42
cell,1,optimizer_24,Optimizer,post,,,0,0,0,0.001,48.42
cell,1,optimizer_25,Optimizer,post,,,0,0,0,0.001,48.42
cell,1,optimizer_26,Optimizer,post,,,0,0,0,0.001,48.42
cell,1,optimizer_27,Optimizer,post,,,0,0,0,0.001,48.42
cell,1,optimizer_28,Optimizer,post,,,0,0,0,0.001,48.42
cell,1,optimizer_29,Optimizer,post,,,0,0,0,0.001,48.42
cell,1,optimizer_30,Optimizer,post,,,0,0,0,0.001,48.42
cell,1,optimizer_31,Optimizer,post,,,0,0,0,0.001,48.42
cell,1,optimizer_32,Optimizer,post,,,0,0,0,0.001,48.42
cell,1,optimizer_33,Optimizer,post,,,0,0,0,0.001,48.42
cell,1,optimizer_34,Optimizer,post,,,0,0,0,0.001,48.42
cell,1,optimizer_35,Optimizer,post,,,0,0,0,0.001,48.42
cell,1,optimizer_36,Optimizer,post,,,0,0,0,0.001,48.42
cell,1,optimizer_37,Optimizer,post,,,0,0,0,0.001,48.42
cell,1,optimizer_38,Optimizer,post,,,0,0,0,0.001,48.42
cell,1,optimizer_39,Optimizer,post,,,0,0,0,0.001,48.42
cell,1,optimizer_40,Optimizer,post,,,0,0,0,0.001,48.42
cell,1,optimizer_41,Optimizer,post,,,0,0,0,0.001,48.42
cell,1,optimizer_42,Optimizer,post,,,0,0,0,0.001,48.42
cell,1,optimizer_43,Optimizer,post,,,0,0,0,0.001,48.42
cell,1,optimizer_44,Optimizer,post,,,0,0,0,0.001,48.42
cell,1,optimizer_45,Optimizer,post,,,0,0,0,0.001,48.42
cell,1,optimizer_46,Optimizer,post,,,0,0,0,0.001,48.42
cell,1,optimizer_47,Optimizer,post,,,0,0,0,0.001,48.42
cell,1,optimizer_48,Optimizer,post,,,0,0,0,0.001,48.42
cell,1,optimizer_49,Optimizer,post,,,0,0,0,0.001,48.42
cell,1,optimizer_50,Optimizer,post,,,0,0,0,0.001,48.42
cell,1,optimizer_51,Optimizer,post,,,0,0,0,0.001,48.42
cell,1,optimizer_52,Optimizer,post,,,0,0,0,0.001,48.42
cell,1,optimizer_53,Optimizer,post,,,0,0,0,0.001,48.42
cell,1,optimizer_54,Optimizer,post,,,0,0,0,0.001,48.42
cell,1,optimizer_55,Optimizer,post,,,0,0,0,0.001,48.42
cell,1,optimizer_56,Optimizer,post,,,0,0,0,0.001,48.42
cell,1,optimizer_57,Optimizer,post,,,0,0,0,0.001,48.42
cell,1,optimizer_58,Optimizer,post,,,0,0,0,0.027,48.42
cell,1,optimizer_59,Optimizer,post,,,0,0,0,0.001,48.42
cell,1,optimizer_60,Optimizer,post,,,0,0,0,0.001,48.42
cell,1,optimizer_61,Optimizer,post,,,0,0,0,0.001,48.42
cell,1,optimizer_62,Optimizer,post,,,0,0,0,0.001,48.42
cell,1,optimizer_63,Optimizer,post,,,0,0,0,0.001,48.42
cell,1,optimizer_64,Optimizer,post,,,0,0,0,0.001,48.42
cell,1,optimizer_65,Optimizer,post,,,0,0,0,0.001,48.42
cell,1,optimizer_66,Optimizer,post,,,0,0,0,0.001,48.42
cell,1,optimizer_67,Optimizer,post,,,0,0,0,0.001,48.42
cell,1,optimizer_68,Optimizer,post,,,0,0,0,0.001,48.42
cell,1,optimizer_69,Optimizer,post,,,0,0,0,0.001,48.42
cell,1,optimizer_70,Optimizer,post,,,0,0,0,0.001,48.42
cell,1,optimizer_71,Optimizer,post,,,0,0,0,0.001,48.42
cell,1,optimizer_72,Optimizer,post,,,0,0,0,0.001,48.42
cell,1,optimizer_73,Optimizer,post,,,0,0,0,0.001,48.42
cell,1,optimizer_74,Optimizer,post,,,0,0,0,0.001,48.42
cell,1,optimizer_75,Optimizer,post,,,0,0,0,0.001,48.42
cell,1,optimizer_76,Optimizer,post,,,0,0,0,0.001,48.42
cell,1,optimizer_77,Optimizer,post,,,0,0,0,0.001,48.42
cell,1,optimizer_78,Optimizer,post,,,0,0,0,0.001,48.42
cell,1,optimizer_79,Optimizer,post,,,0,0,0,0.001,48.42
cell,1,optimizer_80,Optimizer,post,,,0,0,0,0.001,48.42
cell,1,optimizer_81,Optimizer,post,,,0,0,0,0.001,48.42
cell,1,optimizer_82,Optimizer,post,,,0,0,0,0.001,48.42
cell,1,optimizer_83,Optimizer,post,,,0,0,0,0.001,48.42
cell,1,optimizer_84,Optimizer,post,,,0,0,0,0.001,48.42
cell,1,optimizer_85,Optimizer,post,,,0,0,0,0.001,48.42
cell,1,optimizer_86,Optimizer,post,,,0,0,0,0.001,48.42
cell,1,optimizer_87,Optimizer,post,,,0,0,0,0.001,48.42
cell,1,optimizer_88,Optimizer,post,,,0,0,0,0.001,48.42
cell,1,optimizer_89,Optimizer,post,,,0,0,0,0.001,48.42
cell,1,optimizer_90,Optimizer,post,,,0,0,0,0.001,48.42
cell,1,optimizer_91,Optimizer,post,,,0,0,0,0.001,48.42
cell,1,optimizer_92,Optimizer,post,,,0,0,0,0.001,48.42
cell,1,optimizer_93,Optimizer,post,,,0,0,0,0.001,48.42
cell,1,optimizer_94,Optimizer,post,,,0,0,0,0.001,48.42
cell,1,optimizer_95,Optimizer,post,,,0,0,0,0.001,48.42
cell,1,optimizer_96,Optimizer,post,,,0,0,0,0.001,48.42
cell,1,optimizer_97,Optimizer,post,,,0,0,0,0.001,48.42
cell,1,optimizer_98,Optimizer,post,,,0,0,0,0.001,48.42
cell,1,optimizer_99,Optimizer,post,,,0,0,0,0.001,48.42
cell,1,optimizer_100,Optimizer,post,,,0,0,0,0.001,48.42
cell,1,optimizer_101,Optimizer,post,,,0,0,0,0.001,48.42
cell,1,optimizer_102,Optimizer,post,,,0,0,0,0.001,48.42
cell,1,optimizer_103,Optimizer,post,,,0,0,0,0.001,48.42
cell,1,optimizer_104,Optimizer,post,,,0,0,0,0.001,48.42
cell,1,optimizer_105,Optimizer,post,,,0,0,0,0.001,48.42
cell,1,optimizer_106,Optimizer,post,,,0,0,0,0.001,48.42
cell,1,optimizer_107,Optimizer,post,,,0,0,0,0.001,48.42
cell,1,optimizer_108,Optimizer,post,,,0,0,0,0.001,48.42
cell,1,optimizer_109,Optimizer,post,,,0,0,0,0.001,48.42
cell,1,optimizer_110,Optimizer,post,,,0,0,0,0.001,48.42
cell,1,optimizer_111,Optimizer,post,,,0,0,0,0.001,48.42
cell,1,optimizer_112,Optimizer,post,,,0,0,0,0.001,48.42
cell,1,optimizer_113,Optimizer,post,,,0,0,0,0.001,48.42
cell,1,optimizer_114,Optimizer,post,,,0,0,0,0.001,48.42
cell,1,optimizer_115,Optimizer,post,,,0,0,0,0.001,48.42
cell,1,optimizer_116,Optimizer,post,,,0,0,0,0.001,48.42
cell,1,optimizer_117,Optimizer,post,,,0,0,0,0.001,48.42
cell,1,optimizer_118,Optimizer,post,,,0,0,0,0.001,48.42
cell,1,optimizer_119,Optimizer,post,,,0,0,0,0.001,48.42
cell,1,optimizer_120,Optimizer,post,,,0,0,0,0.001,48.42
cell,1,optimizer_121,Optimizer,post,,,0,0,0,0.001,48.42
cell,1,optimizer_122,Optimizer,post,,,0,0,0,0.001,48.42
cell,1,optimizer_123,Optimizer,post,,,0,0,0,0.001,48.42
cell,1,optimizer_124,Optimizer,post,,,0,0,0,0.001,48.42
cell,1,optimizer_125,Optimizer,post,,,0,0,0,0.001,48.42
cell,1,optimizer_126,Optimizer,post,,,0,0,0,0.001,48.42
cell,1,optimizer_127,Optimizer,post,,,0,0,0,0.001,48.42
cell,1,optimizer_128,Optimizer,post,,,0,0,0,0.001,48.42
cell,1,optimizer_129,Optimizer,post,,,0,0,0,0.001,48.42
cell,1,optimizer_130,Optimizer,post,,,0,0,0,0.001,48.42
cell,1,optimizer_131,Optimizer,post,,,0,0,0,0.001,48.42
cell,1,optimizer_132,Optimizer,post,,,0,0,0,0.001,48.42
cell,1,optimizer_133,Optimizer,post,,,0,0,0,0.001,48.42
cell,1,optimizer_134,Optimizer,post,,,0,0,0,0.001,48.42
cell,1,optimizer_135,Optimizer,post,,,0,0,0,0.001,48.42
cell,1,optimizer_136,Optimizer,post,,,0,0,0,0.001,48.42
cell,1,optimizer_137,Optimizer,post,,,0,0,0,0.001,48.42
cell,1,optimizer_138,Optimizer,post,,,0,0,0,0.001,48.42
cell,1,optimizer_139,Optimizer,post,,,0,0,0,0.001,48.42
cell,1,optimizer_140,Optimizer,post,,,0,0,0,0.001,48.42
cell,1,optimizer_141,Optimizer,post,,,0,0,0,0.001,48.42
cell,1,optimizer_142,Optimizer,post,,,0,0,0,0.001,48.42
cell,1,optimizer_143,Optimizer,post,,,0,0,0,0.001,48.42
cell,1,optimizer_144,Optimizer,post,,,0,0,0,0.001,48.42
cell,1,optimizer_145,Optimizer,post,,,0,0,0,0.001,48.42
cell,1,optimizer_146,Optimizer,post,,,0,0,0,0.001,48.42
cell,1,optimizer_147,Optimizer,post,,,0,0,0,0.001,48.42
cell,1,optimizer_148,Optimizer,post,,,0,0,0,0.001,48.42
cell,1,optimizer_149,Optimizer,post,,,0,0,0,0.001,48.42
cell,1,optimizer_150,Optimizer,post,,,0,0,0,0.001,48.42
cell,1,optimizer_151,Optimizer,post,,,0,0,0,0.001,48.42
cell,1,optimizer_152,Optimizer,post,,,0,0,0,0.001,48.42
cell,1,optimizer_153,Optimizer,post,,,0,0,0,0.001,48.42
cell,1,optimizer_154,Optimizer,post,,,0,0,0,0.001,48.42
cell,1,optimizer_155,Optimizer,post,,,0,0,0,0.001,48.42
cell,1,optimizer_156,Optimizer,post,,,0,0,0,0.001,48.42
cell,1,optimizer_157,Optimizer,post,,,0,0,0,0.001,48.42
cell,1,optimizer_158,Optimizer,post,,,0,0,0,0.001,48.42
cell,1,optimizer_159,Optimizer,post,,,0,0,0,0.001,48.42
cell,1,optimizer_160,Optimizer,post,,,0,0,0,0.001,48.42
cell,1,optimizer_161,Optimizer,post,,,0,0,0,0.001,48.42
cell,1,optimizer_162,Optimizer,post,,,0,0,0,0.001,48.42
cell,1,optimizer_163,Optimizer,post,,,0,0,0,0.001,48.42
cell,1,optimizer_164,Optimizer,post,,,0,0,0,0.001,48.42
cell,1,optimizer_165,Optimizer,post,,,0,0,0,0.001,48.42
cell,1,optimizer_166,Optimizer,post,,,0,0,0,0.001,48.42
cell,1,optimizer_167,Optimizer,post,,,0,0,0,0.001,48.42
cell,1,optimizer_168,Optimizer,post,,,0,0,0,0.001,48.42
cell,1,optimizer_169,Optimizer,post,,,0,0,0,0.001,48.42
cell,1,optimizer_170,Optimizer,post,,,0,0,0,0.001,48.42
cell,1,optimizer_171,Optimizer,post,,,0,0,0,0.001,48.42
cell,1,optimizer_172,Optimizer,post,,,0,0,0,0.001,48.42
cell,1,optimizer_173,Optimizer,post,,,0,0,0,0.001,48.42
cell,1,optimizer_174,Optimizer,post,,,0,0,0,0.001,48.42
cell,1,optimizer_175,Optimizer,post,,,0,0,0,0.001,48.42
cell,1,optimizer_176,Optimizer,post,,,0,0,0,0.001,48.42
cell,1,optimizer_177,Optimizer,post,,,0,0,0,0.001,48.42
cell,1,optimizer_178,Optimizer,post,,,0,0,0,0.001,48.42
cell,1,optimizer_179,Optimizer,post,,,0,0,0,0.001,48.42
cell,1,optimizer_180,Optimizer,post,,,0,0,0,0.001,48.42
cell,1,optimizer_181,Optimizer,post,,,0,0,0,0.001,48.42
cell,1,optimizer_182,Optimizer,post,,,0,0,0,0.001,48.42
cell,1,optimizer_183,Optimizer,post,,,0,0,0,0.001,48.42
cell,1,optimizer_184,Optimizer,post,,,0,0,0,0.001,48.42
cell,1,optimizer_185,Optimizer,post,,,0,0,0,0.001,48.42
cell,1,optimizer_186,Optimizer,post,,,0,0,0,0.001,48.42
cell,1,optimizer_187,Optimizer,post,,,0,0,0,0.001,48.42
cell,1,optimizer_188,Optimizer,post,,,0,0,0,0.001,48.42
cell,1,optimizer_189,Optimizer,post,,,0,0,0,0.001,48.42
cell,1,optimizer_190,Optimizer,post,,,0,0,0,0.001,48.42
cell,1,optimizer_191,Optimizer,post,,,0,0,0,0.001,48.42
cell,1,optimizer_192,Optimizer,post,,,0,0,0,0.001,48.42
cell,1,optimizer_193,Optimizer,post,,,0,0,0,0.001,48.42
cell,1,optimizer_194,Optimizer,post,,,0,0,0,0.001,48.42
cell,1,optimizer_195,Optimizer,post,,,0,0,0,0.001,48.42
cell,1,optimizer_196,Optimizer,post,,,0,0,0,0.001,48.42
cell,1,optimizer_197,Optimizer,post,,,0,0,0,0.001,48.42
cell,1,optimizer_198,Optimizer,post,,,0,0,0,0.001,48.42
cell,1,optimizer_199,Optimizer,post,,,0,0,0,0.001,48.42
cell,2,optimizer_0,Optimizer,post,,,0,0,0,0.001,48.42
cell,2,optimizer_1,Optimizer,post,,,0,0,0,0.001,48.42
cell,2,optimizer_2,Optimizer,post,,,0,0,0,0.001,48.42
cell,2,optimizer_3,Optimizer,post,,,0,0,0,0.001,48.42
cell,2,optimizer_4,Optimizer,post,,,0,0,0,0.001,48.42
cell,2,optimizer_5,Optimizer,post,,,0,0,0,0.001,48.42
cell,2,optimizer_6,Optimizer,post,,,0,0,0,0.001,48.42
cell,2,optimizer_7,Optimizer,post,,,0,0,0,0.001,48.42
cell,2,optimizer_8,Optimizer,post,,,0,0,0,0.001,48.42
cell,2,optimizer_9,Optimizer,post,,,0,0,0,0.001,48.42
cell,2,optimizer_10,Optimizer,post,,,0,0,0,0.001,48.42
cell,2,optimizer_11,Optimizer,post,,,0,0,0,0.001,48.42
cell,2,optimizer_12,Optimizer,post,,,0,0,0,0.001,48.42
cell,2,optimizer_13,Optimizer,post,,,0,0,0,0.001,48.42
cell,2,optimizer_14,Optimizer,post,,,0,0,0,0.001,48.42
cell,2,optimizer_15,Optimizer,post,,,0,0,0,0.001,48.42
cell,2,optimizer_16,Optimizer,post,,,0,0,0,0.001,48.42
cell,2,optimizer_17,Optimizer,post,,,0,0,0,0.001,48.42
cell,2,optimizer_18,Optimizer,post,,,0,0,0,0.001,48.42
cell,2,optimizer_19,Optimizer,post,,,0,0,0,0.001,48.42
cell,2,optimizer_20,Optimizer,post,,,0,0,0,0.001,48.42
cell,2,optimizer_21,Optimizer,post,,,0,0,0,0.001,48.42
cell,2,optimizer_22,Optimizer,post,,,0,0,0,0.001,48.42
cell,2,optimizer_23,Optimizer,post,,,0,0,0,0.001,48.42
cell,2,optimizer_24,Optimizer,post,,,0,0,0,0.001,48.42
cell,2,optimizer_25,Optimizer,post,,,0,0,0,0.001,48.42
cell,2,optimizer_26,Optimizer,post,,,0,0,0,0.001,48.42
cell,2,optimizer_27,Optimizer,post,,,0,0,0,0.001,48.42
cell,2,optimizer_28,Optimizer,post,,,0,0,0,0.001,48.42
cell,2,optimizer_29,Optimizer,post,,,0,0,0,0.001,48.42
cell,2,optimizer_30,Optimizer,post,,,0,0,0,0.001,48.42
cell,2,optimizer_31,Optimizer,post,,,0,0,0,0.001,48.42
cell,2,optimizer_32,Optimizer,post,,,0,0,0,0.001,48.42
cell,2,optimizer_33,Optimizer,post,,,0,0,0,0.001,48.42
cell,2,optimizer_34,Optimizer,post,,,0,0,0,0.001,48.42
cell,2,optimizer_35,Optimizer,post,,,0,0,0,0.001,48.42
cell,2,optimizer_36,Optimizer,post,,,0,0,0,0.001,48.42
cell,2,optimizer_37,Optimizer,post,,,0,0,0,0.001,48.42
cell,2,optimizer_38,Optimizer,post,,,0,0,0,0.001,48.42
cell,2,optimizer_39,Optimizer,post,,,0,0,0,0.001,48.42
cell,2,optimizer_40,Optimizer,post,,,0,0,0,0.001,48.42
cell,2,optimizer_41,Optimizer,post,,,0,0,0,0.001,48.42
cell,2,optimizer_42,Optimizer,post,,,0,0,0,0.001,48.42
cell,2,optimizer_43,Optimizer,post,,,0,0,0,0.001,48.42
cell,2,optimizer_44,Optimizer,post,,,0,0,0,0.001,48.42
cell,2,optimizer_45,Optimizer,post,,,0,0,0,0.001,48.42
cell,2,optimizer_46,Optimizer,post,,,0,0,0,0.001,48.42
cell,2,optimizer_47,Optimizer,post,,,0,0,0,0.001,48.42
cell,2,optimizer_48,Optimizer,post,,,0,0,0,0.001,48.42
cell,2,optimizer_49,Optimizer,post,,,0,0,0,0.001,48.42
cell,2,optimizer_50,Optimizer,post,,,0,0,0,0.001,48.42
cell,2,optimizer_51,Optimizer,post,,,0,0,0,0.001,48.42
cell,2,optimizer_52,Optimizer,post,,,0,0,0,0.001,48.42
cell,2,optimizer_53,Optimizer,post,,,0,0,0,0.001,48.42
cell,2,optimizer_54,Optimizer,post,,,0,0,0,0.001,48.42
cell,2,optimizer_55,Optimizer,post,,,0,0,0,0.001,48.42
cell,2,optimizer_56,Optimizer,post,,,0,0,0,0.001,48.42
cell,2,optimizer_57,Optimizer,post,,,0,0,0,0.001,48.42
cell,2,optimizer_58,Optimizer,post,,,0,0,0,0.001,48.42
cell,2,optimizer_59,Optimizer,post,,,0,0,0,0.001,48.42
cell,2,optimizer_60,Optimizer,post,,,0,0,0,0.001,48.42
cell,2,optimizer_61,Optimizer,post,,,0,0,0,0.001,48.42
cell,2,optimizer_62,Optimizer,post,,,0,0,0,0.001,48.42
cell,2,optimizer_63,Optimizer,post,,,0,0,0,0.001,48.42
cell,2,optimizer_64,Optimizer,post,,,0,0,0,0.001,48.42
cell,2,optimizer_65,Optimizer,post,,,0,0,0,0.001,48.42
cell,2,optimizer_66,Optimizer,post,,,0,0,0,0.001,48.42
cell,2,optimizer_67,Optimizer,post,,,0,0,0,0.001,48.42
cell,2,optimizer_68,Optimizer,post,,,0,0,0,0.001,48.42
cell,2,optimizer_69,Optimizer,post,,,0,0,0,0.001,48.42
cell,2,optimizer_70,Optimizer,post,,,0,0,0,0.001,48.42
cell,2,optimizer_71,Optimizer,post,,,0,0,0,0.001,48.42
cell,2,optimizer_72,Optimizer,post,,,0,0,0,0.001,48.42
cell,2,optimizer_73,Optimizer,post,,,0,0,0,0.001,48.42
cell,2,optimizer_74,Optimizer,post,,,0,0,0,0.001,48.42
cell,2,optimizer_75,Optimizer,post,,,0,0,0,0.001,48.42
cell,2,optimizer_76,Optimizer,post,,,0,0,0,0.001,48.42
cell,2,optimizer_77,Optimizer,post,,,0,0,0,0.001,48.42
cell,2,optimizer_78,Optimizer,post,,,0,0,0,0.001,48.42
cell,2,optimizer_79,Optimizer,post,,,0,0,0,0.001,48.42
cell,2,optimizer_80,Optimizer,post,,,0,0,0,0.001,48.42
cell,2,optimizer_81,Optimizer,post,,,0,0,0,0.001,48.42
cell,2,optimizer_82,Optimizer,post,,,0,0,0,0.001,48.42
cell,2,optimizer_83,Optimizer,post,,,0,0,0,0.001,48.42
cell,2,optimizer_84,Optimizer,post,,,0,0,0,0.001,48.42
cell,2,optimizer_85,Optimizer,post,,,0,0,0,0.001,48.42
cell,2,optimizer_86,Optimizer,post,,,0,0,0,0.001,48.42
cell,2,optimizer_87,Optimizer,post,,,0,0,0,0.001,48.42
cell,2,optimizer_88,Optimizer,post,,,0,0,0,0.001,48.42
cell,2,optimizer_89,Optimizer,post,,,0,0,0,0.001,48.42
cell,2,optimizer_90,Optimizer,post,,,0,0,0,0.001,48.42
cell,2,optimizer_91,Optimizer,post,,,0,0,0,0.001,48.42
cell,2,optimizer_92,Optimizer,post,,,0,0,0,0.001,48.42
cell,2,optimizer_93,Optimizer,post,,,0,0,0,0.001,48.42
cell,2,optimizer_94,Optimizer,post,,,0,0,0,0.001,48.42
cell,2,optimizer_95,Optimizer,post,,,0,0,0,0.001,48.42
cell,2,optimizer_96,Optimizer,post,,,0,0,0,0.001,48.42
cell,2,optimizer_97,Optimizer,post,,,0,0,0,0.001,48.42
cell,2,optimizer_98,Optimizer,post,,,0,0,0,0.001,48.42
cell,2,optimizer_99,Optimizer,post,,,0,0,0,0.001,48.42
cell,2,optimizer_100,Optimizer,post,,,0,0,0,0.001,48.42
cell,2,optimizer_101,Optimizer,post,,,0,0,0,0.001,48.42
cell,2,optimizer_102,Optimizer,post,,,0,0,0,0.001,48.42
cell,2,optimizer_103,Optimizer,post,,,0,0,0,0.001,48.42
cell,2,optimizer_104,Optimizer,post,,,0,0,0,0.001,48.42
cell,2,optimizer_105,Optimizer,post,,,0,0,0,0.001,48.42
cell,2,optimizer_106,Optimizer,post,,,0,0,0,0.001,48.42
cell,2,optimizer_107,Optimizer,post,,,0,0,0,0.039,48.42
cell,2,optimizer_108,Optimizer,post,,,0,0,0,0.001,48.42
cell,2,optimizer_109,Optimizer,post,,,0,0,0,0.001,48.42
cell,2,optimizer_110,Optimizer,post,,,0,0,0,0.001,48.42
cell,2,optimizer_111,Optimizer,post,,,0,0,0,0.001,48.42
cell,2,optimizer_112,Optimizer,post,,,0,0,0,0.001,48.42
cell,2,optimizer_113,Optimizer,post,,,0,0,0,0.001,48.42
cell,2,optimizer_114,Optimizer,post,,,0,0,0,0.001,48.42
cell,2,optimizer_115,Optimizer,post,,,0,0,0,0.001,48.42
cell,2,optimizer_116,Optimizer,post,,,0,0,0,0.001,48.42
cell,2,optimizer_117,Optimizer,post,,,0,0,0,0.001,48.42
cell,2,optimizer_118,Optimizer,post,,,0,0,0,0.001,48.42
cell,2,optimizer_119,Optimizer,post,,,0,0,0,0.001,48.42
cell,2,optimizer_120,Optimizer,post,,,0,0,0,0.001,48.42
cell,2,optimizer_121,Optimizer,post,,,0,0,0,0.001,48.42
cell,2,optimizer_122,Optimizer,post,,,0,0,0,0.001,48.42
cell,2,optimizer_123,Optimizer,post,,,0,0,0,0.001,48.42
cell,2,optimizer_124,Optimizer,post,,,0,0,0,0.001,48.42
cell,2,optimizer_125,Optimizer,post,,,0,0,0,0.001,48.42
cell,2,optimizer_126,Optimizer,post,,,0,0,0,0.001,48.42
cell,2,optimizer_127,Optimizer,post,,,0,0,0,0.001,48.42
cell,2,optimizer_128,Optimizer,post,,,0,0,0,0.001,48.42
cell,2,optimizer_129,Optimizer,post,,,0,0,0,0.001,48.42
cell,2,optimizer_130,Optimizer,post,,,0,0,0,0.001,48.42
cell,2,optimizer_131,Optimizer,post,,,0,0,0,0.001,48.42
cell,2,optimizer_132,Optimizer,post,,,0,0,0,0.001,48.42
cell,2,optimizer_133,Optimizer,post,,,0,0,0,0.001,48.42
cell,2,optimizer_134,Optimizer,post,,,0,0,0,0.001,48.42
cell,2,optimizer_135,Optimizer,post,,,0,0,0,0.001,48.42
cell,2,optimizer_136,Optimizer,post,,,0,0,0,0.001,48.42
cell,2,optimizer_137,Optimizer,post,,,0,0,0,0.001,48.42
cell,2,optimizer_138,Optimizer,post,,,0,0,0,0.001,48.42
cell,2,optimizer_139,Optimizer,post,,,0,0,0,0.001,48.42
cell,2,optimizer_140,Optimizer,post,,,0,0,0,0.001,48.42
cell,2,optimizer_141,Optimizer,post,,,0,0,0,0.001,48.42
cell,2,optimizer_142,Optimizer,post,,,0,0,0,0.001,48.42
cell,2,optimizer_143,Optimizer,post,,,0,0,0,0.001,48.42
cell,2,optimizer_144,Optimizer,post,,,0,0,0,0.001,48.42
cell,2,optimizer_145,Optimizer,post,,,0,0,0,0.001,48.42
cell,2,optimizer_146,Optimizer,post,,,0,0,0,0.001,48.42
cell,2,optimizer_147,Optimizer,post,,,0,0,0,0.001,48.42
cell,2,optimizer_148,Optimizer,post,,,0,0,0,0.001,48.42
cell,2,optimizer_149,Optimizer,post,,,0,0,0,0.001,48.42
cell,2,optimizer_150,Optimizer,post,,,0,0,0,0.001,48.42
cell,2,optimizer_151,Optimizer,post,,,0,0,0,0.001,48.42
cell,2,optimizer_152,Optimizer,post,,,0,0,0,0.001,48.42
cell,2,optimizer_153,Optimizer,post,,,0,0,0,0.001,48.42
cell,2,optimizer_154,Optimizer,post,,,0,0,0,0.001,48.42
cell,2,optimizer_155,Optimizer,post,,,0,0,0,0.001,48.42
cell,2,optimizer_156,Optimizer,post,,,0,0,0,0.001,48.42
cell,2,optimizer_157,Optimizer,post,,,0,0,0,0.001,48.42
cell,2,optimizer_158,Optimizer,post,,,0,0,0,0.001,48.42
cell,2,optimizer_159,Optimizer,post,,,0,0,0,0.001,48.42
cell,2,optimizer_160,Optimizer,post,,,0,0,0,0.001,48.42
cell,2,optimizer_161,Optimizer,post,,,0,0,0,0.001,48.42
cell,2,optimizer_162,Optimizer,post,,,0,0,0,0.001,48.42
cell,2,optimizer_163,Optimizer,post,,,0,0,0,0.001,48.42
cell,2,optimizer_164,Optimizer,post,,,0,0,0,0.001,48.42
cell,2,optimizer_165,Optimizer,post,,,0,0,0,0.001,48.42
cell,2,optimizer_166,Optimizer,post,,,0,0,0,0.001,48.42
cell,2,optimizer_167,Optimizer,post,,,0,0,0,0.001,48.42
cell,2,optimizer_168,Optimizer,post,,,0,0,0,0.001,48.42
cell,2,optimizer_169,Optimizer,post,,,0,0,0,0.001,48.42
cell,2,optimizer_170,Optimizer,post,,,0,0,0,0.001,48.42
cell,2,optimizer_171,Optimizer,post,,,0,0,0,0.001,48.42
cell,2,optimizer_172,Optimizer,post,,,0,0,0,0.001,48.42
cell,2,optimizer_173,Optimizer,post,,,0,0,0,0.001,48.42
cell,2,optimizer_174,Optimizer,post,,,0,0,0,0.001,48.42
cell,2,optimizer_175,Optimizer,post,,,0,0,0,0.001,48.42
cell,2,optimizer_176,Optimizer,post,,,0,0,0,0.001,48.42
cell,2,optimizer_177,Optimizer,post,,,0,0,0,0.001,48.42
cell,2,optimizer_178,Optimizer,post,,,0,0,0,0.001,48.42
cell,2,optimizer_179,Optimizer,post,,,0,0,0,0.001,48.42
cell,2,optimizer_180,Optimizer,post,,,0,0,0,0.001,48.42
cell,2,optimizer_181,Optimizer,post,,,0,0,0,0.001,48.42
cell,2,optimizer_182,Optimizer,post,,,0,0,0,0.001,48.42
cell,2,optimizer_183,Optimizer,post,,,0,0,0,0.001,48.42
cell,2,optimizer_184,Optimizer,post,,,0,0,0,0.001,48.42
cell,2,optimizer_185,Optimizer,post,,,0,0,0,0.001,48.42
cell,2,optimizer_186,Optimizer,post,,,0,0,0,0.001,48.42
cell,2,optimizer_187,Optimizer,post,,,0,0,0,0.001,48.42
cell,2,optimizer_188,Optimizer,post,,,0,0,0,0.001,48.42
cell,2,optimizer_189,Optimizer,post,,,0,0,0,0.001,48.42
cell,2,optimizer_190,Optimizer,post,,,0,0,0,0.001,48.42
cell,2,optimizer_191,Optimizer,post,,,0,0,0,0.001,48.42
cell,2,optimizer_192,Optimizer,post,,,0,0,0,0.001,48.42
cell,2,optimizer_193,Optimizer,post,,,0,0,0,0.001,48.42
cell,2,optimizer_194,Optimizer,post,,,0,0,0,0.001,48.42
cell,2,optimizer_195,Optimizer,post,,,0,0,0,0.001,48.42
cell,2,optimizer_196,Optimizer,post,,,0,0,0,0.002,48.42
cell,2,optimizer_197,Optimizer,post,,,0,0,0,0.001,48.42
cell,2,optimizer_198,Optimizer,post,,,0,0,0,0.001,48.42
cell,2,optimizer_199,Optimizer,post,,,0,0,0,0.001,48.42
cell,3,optimizer_0,Optimizer,post,,,0,0,0,0.001,48.42
cell,3,optimizer_1,Optimizer,post,,,0,0,0,0.001,48.42
cell,3,optimizer_2,Optimizer,post,,,0,0,0,0.001,48.42
cell,3,optimizer_3,Optimizer,post,,,0,0,0,0.001,48.42
cell,3,optimizer_4,Optimizer,post,,,0,0,0,0.001,48.42
cell,3,optimizer_5,Optimizer,post,,,0,0,0,0.001,48.42
cell,3,optimizer_6,Optimizer,post,,,0,0,0,0.001,48.42
cell,3,optimizer_7,Optimizer,post,,,0,0,0,0.001,48.42
cell,3,optimizer_8,Optimizer,post,,,0,0,0,0.001,48.42
cell,3,optimizer_9,Optimizer,post,,,0,0,0,0.001,48.42
cell,3,optimizer_10,Optimizer,post,,,0,0,0,0.001,48.42
cell,3,optimizer_11,Optimizer,post,,,0,0,0,0.001,48.42
cell,3,optimizer_12,Optimizer,post,,,0,0,0,0.001,48.42
cell,3,optimizer_13,Optimizer,post,,,0,0,0,0.001,48.42
cell,3,optimizer_14,Optimizer,post,,,0,0,0,0.001,48.42
cell,3,optimizer_15,Optimizer,post,,,0,0,0,0.001,48.42
cell,3,optimizer_16,Optimizer,post,,,0,0,0,0.001,48.42
cell,3,optimizer_17,Optimizer,post,,,0,0,0,0.001,48.42
cell,3,optimizer_18,Optimizer,post,,,0,0,0,0.001,48.42
cell,3,optimizer_19,Optimizer,post,,,0,0,0,0.001,48.42
cell,3,optimizer_20,Optimizer,post,,,0,0,0,0.001,48.42
cell,3,optimizer_21,Optimizer,post,,,0,0,0,0.001,48.42
cell,3,optimizer_22,Optimizer,post,,,0,0,0,0.001,48.42
cell,3,optimizer_23,Optimizer,post,,,0,0,0,0.001,48.42
cell,3,optimizer_24,Optimizer,post,,,0,0,0,0.001,48.42
cell,3,optimizer_25,Optimizer,post,,,0,0,0,0.001,48.42
cell,3,optimizer_26,Optimizer,post,,,0,0,0,0.001,48.42
cell,3,optimizer_27,Optimizer,post,,,0,0,0,0.001,48.42
cell,3,optimizer_28,Optimizer,post,,,0,0,0,0.001,48.42
cell,3,optimizer_29,Optimizer,post,,,0,0,0,0.001,48.42
cell,3,optimizer_30,Optimizer,post,,,0,0,0,0.001,48.42
cell,3,optimizer_31,Optimizer,post,,,0,0,0,0.001,48.42
cell,3,optimizer_32,Optimizer,post,,,0,0,0,0.001,48.42
cell,3,optimizer_33,Optimizer,post,,,0,0,0,0.001,48.42
cell,3,optimizer_34,Optimizer,post,,,0,0,0,0.001,48.42
cell,3,optimizer_35,Optimizer,post,,,0,0,0,0.001,48.42
cell,3,optimizer_36,Optimizer,post,,,0,0,0,0.001,48.42
cell,3,optimizer_37,Optimizer,post,,,0,0,0,0.001,48.42
cell,3,optimizer_38,Optimizer,post,,,0,0,0,0.001,48.42
cell,3,optimizer_39,Optimizer,post,,,0,0,0,0.001,48.42
cell,3,optimizer_40,Optimizer,post,,,0,0,0,0.001,48.42
cell,3,optimizer_41,Optimizer,post,,,0,0,0,0.001,48.42
cell,3,optimizer_42,Optimizer,post,,,0,0,0,0.001,48.42
cell,3,optimizer_43,Optimizer,post,,,0,0,0,0.041,48.42
cell,3,optimizer_44,Optimizer,post,,,0,0,0,0.001,48.42
cell,3,optimizer_45,Optimizer,post,,,0,0,0,0.001,48.42
cell,3,optimizer_46,Optimizer,post,,,0,0,0,0.001,48.42
cell,3,optimizer_47,Optimizer,post,,,0,0,0,0.001,48.42
cell,3,optimizer_48,Optimizer,post,,,0,0,0,0.001,48.42
cell,3,optimizer_49,Optimizer,post,,,0,0,0,0.001,48.42
cell,3,optimizer_50,Optimizer,post,,,0,0,0,0.001,48.42
cell,3,optimizer_51,Optimizer,post,,,0,0,0,0.001,48.42
cell,3,optimizer_52,Optimizer,post,,,0,0,0,0.001,48.42
cell,3,optimizer_53,Optimizer,post,,,0,0,0,0.001,48.42
cell,3,optimizer_54,Optimizer,post,,,0,0,0,0.001,48.42
cell,3,optimizer_55,Optimizer,post,,,0,0,0,0.001,48.42
cell,3,optimizer_56,Optimizer,post,,,0,0,0,0.001,48.42
cell,3,optimizer_57,Optimizer,post,,,0,0,0,0.001,48.42
cell,3,optimizer_58,Optimizer,post,,,0,0,0,0.001,48.42
cell,3,optimizer_59,Optimizer,post,,,0,0,0,0.001,48.42
cell,3,optimizer_60,Optimizer,post,,,0,0,0,0.001,48.42
cell,3,optimizer_61,Optimizer,post,,,0,0,0,0.001,48.42
cell,3,optimizer_62,Optimizer,post,,,0,0,0,0.001,48.42
cell,3,optimizer_63,Optimizer,post,,,0,0,0,0.001,48.42
cell,3,optimizer_64,Optimizer,post,,,0,0,0,0.001,48.42
cell,3,optimizer_65,Optimizer,post,,,0,0,0,0.001,48.42
cell,3,optimizer_66,Optimizer,post,,,0,0,0,0.001,48.42
cell,3,optimizer_67,Optimizer,post,,,0,0,0,0.001,48.42
cell,3,optimizer_68,Optimizer,post,,,0,0,0,0.001,48.42
cell,3,optimizer_69,Optimizer,post,,,0,0,0,0.001,48.42
cell,3,optimizer_70,Optimizer,post,,,0,0,0,0.001,48.42
cell,3,optimizer_71,Optimizer,post,,,0,0,0,0.001,48.42
cell,3,optimizer_72,Optimizer,post,,,0,0,0,0.001,48.42
cell,3,optimizer_73,Optimizer,post,,,0,0,0,0.001,48.42
cell,3,optimizer_74,Optimizer,post,,,0,0,0,0.001,48.42
cell,3,optimizer_75,Optimizer,post,,,0,0,0,0.001,48.42
cell,3,optimizer_76,Optimizer,post,,,0,0,0,0.001,48.42
cell,3,optimizer_77,Optimizer,post,,,0,0,0,0.001,48.42
cell,3,optimizer_78,Optimizer,post,,,0,0,0,0.001,48.42
cell,3,optimizer_79,Optimizer,post,,,0,0,0,0.001,48.42
cell,3,optimizer_80,Optimizer,post,,,0,0,0,0.001,48.42
cell,3,optimizer_81,Optimizer,post,,,0,0,0,0.001,48.42
cell,3,optimizer_82,Optimizer,post,,,0,0,0,0.001,48.42
cell,3,optimizer_83,Optimizer,post,,,0,0,0,0.001,48.42
cell,3,optimizer_84,Optimizer,post,,,0,0,0,0.001,48.42
cell,3,optimizer_85,Optimizer,post,,,0,0,0,0.001,48.42
cell,3,optimizer_86,Optimizer,post,,,0,0,0,0.001,48.42
cell,3,optimizer_87,Optimizer,post,,,0,0,0,0.001,48.42
cell,3,optimizer_88,Optimizer,post,,,0,0,0,0.001,48.42
cell,3,optimizer_89,Optimizer,post,,,0,0,0,0.001,48.42
cell,3,optimizer_90,Optimizer,post,,,0,0,0,0.001,48.42
cell,3,optimizer_91,Optimizer,post,,,0,0,0,0.001,48.42
cell,3,optimizer_92,Optimizer,post,,,0,0,0,0.001,48.42
cell,3,optimizer_93,Optimizer,post,,,0,0,0,0.001,48.42
cell,3,optimizer_94,Optimizer,post,,,0,0,0,0.001,48.42
cell,3,optimizer_95,Optimizer,post,,,0,0,0,0.001,48.42
cell,3,optimizer_96,Optimizer,post,,,0,0,0,0.001,48.42
cell,3,optimizer_97,Optimizer,post,,,0,0,0,0.001,48.42
cell,3,optimizer_98,Optimizer,post,,,0,0,0,0.001,48.42
cell,3,optimizer_99,Optimizer,post,,,0,0,0,0.002,48.42
cell,3,optimizer_100,Optimizer,post,,,0,0,0,0.001,48.42
cell,3,optimizer_101,Optimizer,post,,,0,0,0,0.001,48.42
cell,3,optimizer_102,Optimizer,post,,,0,0,0,0.001,48.42
cell,3,optimizer_103,Optimizer,post,,,0,0,0,0.001,48.42
cell,3,optimizer_104,Optimizer,post,,,0,0,0,0.001,48.42
cell,3,optimizer_105,Optimizer,post,,,0,0,0,0.001,48.42
cell,3,optimizer_106,Optimizer,post,,,0,0,0,0.001,48.42
cell,3,optimizer_107,Optimizer,post,,,0,0,0,0.001,48.42
cell,3,optimizer_108,Optimizer,post,,,0,0,0,0.001,48.42
cell,3,optimizer_109,Optimizer,post,,,0,0,0,0.001,48.42
cell,3,optimizer_110,Optimizer,post,,,0,0,0,0.001,48.42
cell,3,optimizer_111,Optimizer,post,,,0,0,0,0.001,48.42
cell,3,optimizer_112,Optimizer,post,,,0,0,0,0.001,48.42
cell,3,optimizer_113,Optimizer,post,,,0,0,0,0.001,48.42
cell,3,optimizer_114,Optimizer,post,,,0,0,0,0.001,48.42
cell,3,optimizer_115,Optimizer,post,,,0,0,0,0.001,48.42
cell,3,optimizer_116,Optimizer,post,,,0,0,0,0.001,48.42
cell,3,optimizer_117,Optimizer,post,,,0,0,0,0.001,48.42
cell,3,optimizer_118,Optimizer,post,,,0,0,0,0.001,48.42
cell,3,optimizer_119,Optimizer,post,,,0,0,0,0.001,48.42
cell,3,optimizer_120,Optimizer,post,,,0,0,0,0.001,48.42
cell,3,optimizer_121,Optimizer,post,,,0,0,0,0.001,48.42
cell,3,optimizer_122,Optimizer,post,,,0,0,0,0.001,48.42
cell,3,optimizer_123,Optimizer,post,,,0,0,0,0.001,48.42
cell,3,optimizer_124,Optimizer,post,,,0,0,0,0.001,48.42
cell,3,optimizer_125,Optimizer,post,,,0,0,0,0.001,48.42
cell,3,optimizer_126,Optimizer,post,,,0,0,0,0.001,48.42
cell,3,optimizer_127,Optimizer,post,,,0,0,0,0.001,48.42
cell,3,optimizer_128,Optimizer,post,,,0,0,0,0.001,48.42
cell,3,optimizer_129,Optimizer,post,,,0,0,0,0.001,48.42
cell,3,optimizer_130,Optimizer,post,,,0,0,0,0.001,48.42
cell,3,optimizer_131,Optimizer,post,,,0,0,0,0.001,48.42
cell,3,optimizer_132,Optimizer,post,,,0,0,0,0.001,48.42
cell,3,optimizer_133,Optimizer,post,,,0,0,0,0.001,48.42
cell,3,optimizer_134,Optimizer,post,,,0,0,0,0.001,48.42
cell,3,optimizer_135,Optimizer,post,,,0,0,0,0.001,48.42
cell,3,optimizer_136,Optimizer,post,,,0,0,0,0.001,48.42
cell,3,optimizer_137,Optimizer,post,,,0,0,0,0.001,48.42
cell,3,optimizer_138,Optimizer,post,,,0,0,0,0.001,48.42
cell,3,optimizer_139,Optimizer,post,,,0,0,0,0.001,48.42
cell,3,optimizer_140,Optimizer,post,,,0,0,0,0.001,48.42
cell,3,optimizer_141,Optimizer,post,,,0,0,0,0.001,48.42
cell,3,optimizer_142,Optimizer,post,,,0,0,0,0.001,48.42
cell,3,optimizer_143,Optimizer,post,,,0,0,0,0.001,48.42
cell,3,optimizer_144,Optimizer,post,,,0,0,0,0.001,48.42
cell,3,optimizer_145,Optimizer,post,,,0,0,0,0.001,48.42
cell,3,optimizer_146,Optimizer,post,,,0,0,0,0.001,48.42
cell,3,optimizer_147,Optimizer,post,,,0,0,0,0.001,48.42
cell,3,optimizer_148,Optimizer,post,,,0,0,0,0.001,48.42
cell,3,optimizer_149,Optimizer,post,,,0,0,0,0.001,48.42
cell,3,optimizer_150,Optimizer,post,,,0,0,0,0.001,48.42
cell,3,optimizer_151,Optimizer,post,,,0,0,0,0.002,48.42
cell,3,optimizer_152,Optimizer,post,,,0,0,0,0.001,48.42
cell,3,optimizer_153,Optimizer,post,,,0,0,0,0.001,48.42
cell,3,optimizer_154,Optimizer,post,,,0,0,0,0.001,48.42
cell,3,optimizer_155,Optimizer,post,,,0,0,0,0.001,48.42
cell,3,optimizer_156,Optimizer,post,,,0,0,0,0.001,48.42
cell,3,optimizer_157,Optimizer,post,,,0,0,0,0.001,48.42
cell,3,optimizer_158,Optimizer,post,,,0,0,0,0.001,48.42
cell,3,optimizer_159,Optimizer,post,,,0,0,0,0.001,48.42
cell,3,optimizer_160,Optimizer,post,,,0,0,0,0.001,48.42
cell,3,optimizer_161,Optimizer,post,,,0,0,0,0.001,48.42
cell,3,optimizer_162,Optimizer,post,,,0,0,0,0.001,48.42
cell,3,optimizer_163,Optimizer,post,,,0,0,0,0.001,48.42
cell,3,optimizer_164,Optimizer,post,,,0,0,0,0.001,48.42
cell,3,optimizer_165,Optimizer,post,,,0,0,0,0.001,48.42
cell,3,optimizer_166,Optimizer,post,,,0,0,0,0.001,48.42
cell,3,optimizer_167,Optimizer,post,,,0,0,0,0.001,48.42
cell,3,optimizer_168,Optimizer,post,,,0,0,0,0.001,48.42
cell,3,optimizer_169,Optimizer,post,,,0,0,0,0.001,48.42
cell,3,optimizer_170,Optimizer,post,,,0,0,0,0.001,48.42
cell,3,optimizer_171,Optimizer,post,,,0,0,0,0.001,48.42
cell,3,optimizer_172,Optimizer,post,,,0,0,0,0.001,48.42
cell,3,optimizer_173,Optimizer,post,,,0,0,0,0.001,48.42
cell,3,optimizer_174,Optimizer,post,,,0,0,0,0.001,48.42
cell,3,optimizer_175,Optimizer,post,,,0,0,0,0.001,48.42
cell,3,optimizer_176,Optimizer,post,,,0,0,0,0.001,48.42
cell,3,optimizer_177,Optimizer,post,,,0,0,0,0.001,48.42
cell,3,optimizer_178,Optimizer,post,,,0,0,0,0.001,48.42
cell,3,optimizer_179,Optimizer,post,,,0,0,0,0.001,48.42
cell,3,optimizer_180,Optimizer,post,,,0,0,0,0.001,48.42
cell,3,optimizer_181,Optimizer,post,,,0,0,0,0.001,48.42
cell,3,optimizer_182,Optimizer,post,,,0,0,0,0.001,48.42
cell,3,optimizer_183,Optimizer,post,,,0,0,0,0.001,48.42
cell,3,optimizer_184,Optimizer,post,,,0,0,0,0.001,48.42
cell,3,optimizer_185,Optimizer,post,,,0,0,0,0.001,48.42
cell,3,optimizer_186,Optimizer,post,,,0,0,0,0.001,48.42
cell,3,optimizer_187,Optimizer,post,,,0,0,0,0.001,48.42
cell,3,optimizer_188,Optimizer,post,,,0,0,0,0.001,48.42
cell,3,optimizer_189,Optimizer,post,,,0,0,0,0.001,48.42
cell,3,optimizer_190,Optimizer,post,,,0,0,0,0.001,48.42
cell,3,optimizer_191,Optimizer,post,,,0,0,0,0.001,48.42
cell,3,optimizer_192,Optimizer,post,,,0,0,0,0.001,48.42
cell,3,optimizer_193,Optimizer,post,,,0,0,0,0.001,48.42
cell,3,optimizer_194,Optimizer,post,,,0,0,0,0.001,48.42
cell,3,optimizer_195,Optimizer,post,,,0,0,0,0.001,48.42
cell,3,optimizer_196,Optimizer,post,,,0,0,0,0.001,48.42
cell,3,optimizer_197,Optimizer,post,,,0,0,0,0.001,48.42
cell,3,optimizer_198,Optimizer,post,,,0,0,0,0.001,48.42
cell,3,optimizer_199,Optimizer,post,,,0,0,0,0.001,48.42
cell,4,optimizer_0,Optimizer,post,,,0,0,0,0.001,48.42
cell,4,optimizer_1,Optimizer,post,,,0,0,0,0.001,48.42
cell,4,optimizer_2,Optimizer,post,,,0,0,0,0.001,48.42
cell,4,optimizer_3,Optimizer,post,,,0,0,0,0.001,48.42
cell,4,optimizer_4,Optimizer,post,,,0,0,0,0.001,48.42
cell,4,optimizer_5,Optimizer,post,,,0,0,0,0.001,48.42
cell,4,optimizer_6,Optimizer,post,,,0,0,0,0.001,48.42
cell,4,optimizer_7,Optimizer,post,,,0,0,0,0.001,48.42
cell,4,optimizer_8,Optimizer,post,,,0,0,0,0.001,48.42
cell,4,optimizer_9,Optimizer,post,,,0,0,0,0.001,48.42
cell,4,optimizer_10,Optimizer,post,,,0,0,0,0.001,48.42
cell,4,optimizer_11,Optimizer,post,,,0,0,0,0.001,48.42
cell,4,optimizer_12,Optimizer,post,,,0,0,0,0.001,48.42
cell,4,optimizer_13,Optimizer,post,,,0,0,0,0.001,48.42
cell,4,optimizer_14,Optimizer,post,,,0,0,0,0.001,48.42
cell,4,optimizer_15,Optimizer,post,,,0,0,0,0.001,48.42
cell,4,optimizer_16,Optimizer,post,,,0,0,0,0.001,48.42
cell,4,optimizer_17,Optimizer,post,,,0,0,0,0.001,48.42
cell,4,optimizer_18,Optimizer,post,,,0,0,0,0.001,48.42
cell,4,optimizer_19,Optimizer,post,,,0,0,0,0.001,48.42
cell,4,optimizer_20,Optimizer,post,,,0,0,0,0.001,48.42
cell,4,optimizer_21,Optimizer,post,,,0,0,0,0.001,48.42
cell,4,optimizer_22,Optimizer,post,,,0,0,0,0.001,48.42
cell,4,optimizer_23,Optimizer,post,,,0,0,0,0.001,48.42
cell,4,optimizer_24,Optimizer,post,,,0,0,0,0.001,48.42
cell,4,optimizer_25,Optimizer,post,,,0,0,0,0.001,48.42
cell,4,optimizer_26,Optimizer,post,,,0,0,0,0.001,48.42
cell,4,optimizer_27,Optimizer,post,,,0,0,0,0.001,48.42
cell,4,optimizer_28,Optimizer,post,,,0,0,0,0.001,48.42
cell,4,optimizer_29,Optimizer,post,,,0,0,0,0.001,48.42
cell,4,optimizer_30,Optimizer,post,,,0,0,0,0.001,48.42
cell,4,optimizer_31,Optimizer,post,,,0,0,0,0.001,48.42
cell,4,optimizer_32,Optimizer,post,,,0,0,0,0.001,48.42
cell,4,optimizer_33,Optimizer,post,,,0,0,0,0.001,48.42
cell,4,optimizer_34,Optimizer,post,,,0,0,0,0.001,48.42
cell,4,optimizer_35,Optimizer,post,,,0,0,0,0.002,48.42
cell,4,optimizer_36,Optimizer,post,,,0,0,0,0.001,48.42
cell,4,optimizer_37,Optimizer,post,,,0,0,0,0.001,48.42
cell,4,optimizer_38,Optimizer,post,,,0,0,0,0.001,48.42
cell,4,optimizer_39,Optimizer,post,,,0,0,0,0.001,48.42
cell,4,optimizer_40,Optimizer,post,,,0,0,0,0.001,48.42
cell,4,optimizer_41,Optimizer,post,,,0,0,0,0.001,48.42
cell,4,optimizer_42,Optimizer,post,,,0,0,0,0.001,48.42
cell,4,optimizer_43,Optimizer,post,,,0,0,0,0.001,48.42
cell,4,optimizer_44,Optimizer,post,,,0,0,0,0.001,48.42
cell,4,optimizer_45,Optimizer,post,,,0,0,0,0.001,48.42
cell,4,optimizer_46,Optimizer,post,,,0,0,0,0.001,48.42
cell,4,optimizer_47,Optimizer,post,,,0,0,0,0.001,48.42
cell,4,optimizer_48,Optimizer,post,,,0,0,0,0.001,48.42
cell,4,optimizer_49,Optimizer,post,,,0,0,0,0.001,48.42
cell,4,optimizer_50,Optimizer,post,,,0,0,0,0.001,48.42
cell,4,optimizer_51,Optimizer,post,,,0,0,0,0.001,48.42
cell,4,optimizer_52,Optimizer,post,,,0,0,0,0.001,48.42
cell,4,optimizer_53,Optimizer,post,,,0,0,0,0.001,48.42
cell,4,optimizer_54,Optimizer,post,,,0,0,0,0.001,48.42
cell,4,optimizer_55,Optimizer,post,,,0,0,0,0.001,48.42
cell,4,optimizer_56,Optimizer,post,,,0,0,0,0.001,48.42
cell,4,optimizer_57,Optimizer,post,,,0,0,0,0.001,48.42
cell,4,optimizer_58,Optimizer,post,,,0,0,0,0.001,48.42
cell,4,optimizer_59,Optimizer,post,,,0,0,0,0.001,48.42
cell,4,optimizer_60,Optimizer,post,,,0,0,0,0.001,48.42
cell,4,optimizer_61,Optimizer,post,,,0,0,0,0.001,48.42
cell,4,optimizer_62,Optimizer,post,,,0,0,0,0.001,48.42
cell,4,optimizer_63,Optimizer,post,,,0,0,0,0.001,48.42
cell,4,optimizer_64,Optimizer,post,,,0,0,0,0.001,48.42
cell,4,optimizer_65,Optimizer,post,,,0,0,0,0.001,48.42
cell,4,optimizer_66,Optimizer,post,,,0,0,0,0.001,48.42
cell,4,optimizer_67,Optimizer,post,,,0,0,0,0.001,48.42
cell,4,optimizer_68,Optimizer,post,,,0,0,0,0.001,48.42
cell,4,optimizer_69,Optimizer,post,,,0,0,0,0.001,48.42
cell,4,optimizer_70,Optimizer,post,,,0,0,0,0.001,48.42
cell,4,optimizer_71,Optimizer,post,,,0,0,0,0.001,48.42
cell,4,optimizer_72,Optimizer,post,,,0,0,0,0.001,48.42
cell,4,optimizer_73,Optimizer,post,,,0,0,0,0.001,48.42
cell,4,optimizer_74,Optimizer,post,,,0,0,0,0.001,48.42
cell,4,optimizer_75,Optimizer,post,,,0,0,0,0.001,48.42
cell,4,optimizer_76,Optimizer,post,,,0,0,0,0.001,48.42
cell,4,optimizer_77,Optimizer,post,,,0,0,0,0.001,48.42
cell,4,optimizer_78,Optimizer,post,,,0,0,0,0.001,48.42
cell,4,optimizer_79,Optimizer,post,,,0,0,0,0.001,48.42
cell,4,optimizer_80,Optimizer,post,,,0,0,0,0.001,48.42
cell,4,optimizer_81,Optimizer,post,,,0,0,0,0.001,48.42
cell,4,optimizer_82,Optimizer,post,,,0,0,0,0.001,48.42
cell,4,optimizer_83,Optimizer,post,,,0,0,0,0.001,48.42
cell,4,optimizer_84,Optimizer,post,,,0,0,0,0.001,48.42
cell,4,optimizer_85,Optimizer,post,,,0,0,0,0.001,48.42
cell,4,optimizer_86,Optimizer,post,,,0,0,0,0.001,48.42
cell,4,optimizer_87,Optimizer,post,,,0,0,0,0.001,48.42
cell,4,optimizer_88,Optimizer,post,,,0,0,0,0.001,48.42
cell,4,optimizer_89,Optimizer,post,,,0,0,0,0.001,48.42
cell,4,optimizer_90,Optimizer,post,,,0,0,0,0.001,48.42
cell,4,optimizer_91,Optimizer,post,,,0,0,0,0.001,48.42
cell,4,optimizer_92,Optimizer,post,,,0,0,0,0.001,48.42
cell,4,optimizer_93,Optimizer,post,,,0,0,0,0.001,48.42
cell,4,optimizer_94,Optimizer,post,,,0,0,0,0.001,48.42
cell,4,optimizer_95,Optimizer,post,,,0,0,0,0.001,48.42
cell,4,optimizer_96,Optimizer,post,,,0,0,0,0.001,48.42
cell,4,optimizer_97,Optimizer,post,,,0,0,0,0.001,48.42
cell,4,optimizer_98,Optimizer,post,,,0,0,0,0.001,48.42
cell,4,optimizer_99,Optimizer,post,,,0,0,0,0.001,48.42
cell,4,optimizer_100,Optimizer,post,,,0,0,0,0.001,48.42
cell,4,optimizer_101,Optimizer,post,,,0,0,0,0.001,48.42
cell,4,optimizer_102,Optimizer,post,,,0,0,0,0.001,48.42
cell,4,optimizer_103,Optimizer,post,,,0,0,0,0.001,48.42
cell,4,optimizer_104,Optimizer,post,,,0,0,0,0.001,48.42
cell,4,optimizer_105,Optimizer,post,,,0,0,0,0.001,48.42
cell,4,optimizer_106,Optimizer,post,,,0,0,0,0.001,48.42
cell,4,optimizer_107,Optimizer,post,,,0,0,0,0.001,48.42
cell,4,optimizer_108,Optimizer,post,,,0,0,0,0.001,48.42
cell,4,optimizer_109,Optimizer,post,,,0,0,0,0.001,48.42
cell,4,optimizer_110,Optimizer,post,,,0,0,0,0.001,48.42
cell,4,optimizer_111,Optimizer,post,,,0,0,0,0.001,48.42
cell,4,optimizer_112,Optimizer,post,,,0,0,0,0.001,48.42
cell,4,optimizer_113,Optimizer,post,,,0,0,0,0.001,48.42
cell,4,optimizer_114,Optimizer,post,,,0,0,0,0.001,48.42
cell,4,optimizer_115,Optimizer,post,,,0,0,0,0.001,48.42
cell,4,optimizer_116,Optimizer,post,,,0,0,0,0.001,48.42
cell,4,optimizer_117,Optimizer,post,,,0,0,0,0.001,48.42
cell,4,optimizer_118,Optimizer,post,,,0,0,0,0.001,48.42
cell,4,optimizer_119,Optimizer,post,,,0,0,0,0.001,48.42
cell,4,optimizer_120,Optimizer,post,,,0,0,0,0.001,48.42
cell,4,optimizer_121,Optimizer,post,,,0,0,0,0.001,48.42
cell,4,optimizer_122,Optimizer,post,,,0,0,0,0.001,48.42
cell,4,optimizer_123,Optimizer,post,,,0,0,0,0.001,48.42
cell,4,optimizer_124,Optimizer,post,,,0,0,0,0.001,48.42
cell,4,optimizer_125,Optimizer,post,,,0,0,0,0.001,48.42
cell,4,optimizer_126,Optimizer,post,,,0,0,0,0.001,48.42
cell,4,optimizer_127,Optimizer,post,,,0,0,0,0.001,48.42
cell,4,optimizer_128,Optimizer,post,,,0,0,0,0.001,48.42
cell,4,optimizer_129,Optimizer,post,,,0,0,0,0.001,48.42
cell,4,optimizer_130,Optimizer,post,,,0,0,0,0.001,48.42
cell,4,optimizer_131,Optimizer,post,,,0,0,0,0.001,48.42
cell,4,optimizer_132,Optimizer,post,,,0,0,0,0.002,48.42
cell,4,optimizer_133,Optimizer,post,,,0,0,0,0.001,48.42
cell,4,optimizer_134,Optimizer,post,,,0,0,0,0.001,48.42
cell,4,optimizer_135,Optimizer,post,,,0,0,0,0.001,48.42
cell,4,optimizer_136,Optimizer,post,,,0,0,0,0.001,48.42
cell,4,optimizer_137,Optimizer,post,,,0,0,0,0.001,48.42
cell,4,optimizer_138,Optimizer,post,,,0,0,0,0.001,48.42
cell,4,optimizer_139,Optimizer,post,,,0,0,0,0.001,48.42
cell,4,optimizer_140,Optimizer,post,,,0,0,0,0.001,48.42
cell,4,optimizer_141,Optimizer,post,,,0,0,0,0.001,48.42
cell,4,optimizer_142,Optimizer,post,,,0,0,0,0.001,48.42
cell,4,optimizer_143,Optimizer,post,,,0,0,0,0.001,48.42
cell,4,optimizer_144,Optimizer,post,,,0,0,0,0.001,48.42
cell,4,optimizer_145,Optimizer,post,,,0,0,0,0.001,48.42
cell,4,optimizer_146,Optimizer,post,,,0,0,0,0.001,48.42
cell,4,optimizer_147,Optimizer,post,,,0,0,0,0.001,48.42
cell,4,optimizer_148,Optimizer,post,,,0,0,0,0.001,48.42
cell,4,optimizer_149,Optimizer,post,,,0,0,0,0.001,48.42
cell,4,optimizer_150,Optimizer,post,,,0,0,0,0.001,48.42
cell,4,optimizer_151,Optimizer,post,,,0,0,0,0.001,48.42
cell,4,optimizer_152,Optimizer,post,,,0,0,0,0.001,48.42
cell,4,optimizer_153,Optimizer,post,,,0,0,0,0.001,48.42
cell,4,optimizer_154,Optimizer,post,,,0,0,0,0.001,48.42
cell,4,optimizer_155,Optimizer,post,,,0,0,0,0.001,48.42
cell,4,optimizer_156,Optimizer,post,,,0,0,0,0.001,48.42
cell,4,optimizer_157,Optimizer,post,,,0,0,0,0.001,48.42
cell,4,optimizer_158,Optimizer,post,,,0,0,0,0.001,48.42
cell,4,optimizer_159,Optimizer,post,,,0,0,0,0.001,48.42
cell,4,optimizer_160,Optimizer,post,,,0,0,0,0.001,48.42
cell,4,optimizer_161,Optimizer,post,,,0,0,0,0.001,48.42
cell,4,optimizer_162,Optimizer,post,,,0,0,0,0.001,48.42
cell,4,optimizer_163,Optimizer,post,,,0,0,0,0.001,48.42
cell,4,optimizer_164,Optimizer,post,,,0,0,0,0.001,48.42
cell,4,optimizer_165,Optimizer,post,,,0,0,0,0.001,48.42
cell,4,optimizer_166,Optimizer,post,,,0,0,0,0.001,48.42
cell,4,optimizer_167,Optimizer,post,,,0,0,0,0.001,48.42
cell,4,optimizer_168,Optimizer,post,,,0,0,0,0.001,48.42
cell,4,optimizer_169,Optimizer,post,,,0,0,0,0.001,48.42
cell,4,optimizer_170,Optimizer,post,,,0,0,0,0.001,48.42
cell,4,optimizer_171,Optimizer,post,,,0,0,0,0.001,48.42
cell,4,optimizer_172,Optimizer,post,,,0,0,0,0.001,48.42
cell,4,optimizer_173,Optimizer,post,,,0,0,0,0.001,48.42
cell,4,optimizer_174,Optimizer,post,,,0,0,0,0.001,48.42
cell,4,optimizer_175,Optimizer,post,,,0,0,0,0.001,48.42
cell,4,optimizer_176,Optimizer,post,,,0,0,0,0.001,48.42
cell,4,optimizer_177,Optimizer,post,,,0,0,0,0.001,48.42
cell,4,optimizer_178,Optimizer,post,,,0,0,0,0.001,48.42
cell,4,optimizer_179,Optimizer,post,,,0,0,0,0.001,48.42
cell,4,optimizer_180,Optimizer,post,,,0,0,0,0.001,48.42
cell,4,optimizer_181,Optimizer,post,,,0,0,0,0.001,48.42
cell,4,optimizer_182,Optimizer,post,,,0,0,0,0.001,48.42
cell,4,optimizer_183,Optimizer,post,,,0,0,0,0.001,48.42
cell,4,optimizer_184,Optimizer,post,,,0,0,0,0.001,48.42
cell,4,optimizer_185,Optimizer,post,,,0,0,0,0.001,48.42
cell,4,optimizer_186,Optimizer,post,,,0,0,0,0.001,48.42
cell,4,optimizer_187,Optimizer,post,,,0,0,0,0.001,48.42
cell,4,optimizer_188,Optimizer,post,,,0,0,0,0.001,48.42
cell,4,optimizer_189,Optimizer,post,,,0,0,0,0.001,48.42
cell,4,optimizer_190,Optimizer,post,,,0,0,0,0.001,48.42
cell,4,optimizer_191,Optimizer,post,,,0,0,0,0.001,48.42
cell,4,optimizer_192,Optimizer,post,,,0,0,0,0.001,48.42
cell,4,optimizer_193,Optimizer,post,,,0,0,0,0.002,48.42
cell,4,optimizer_194,Optimizer,post,,,0,0,0,0.001,48.42
cell,4,optimizer_195,Optimizer,post,,,0,0,0,0.001,48.42
cell,4,optimizer_196,Optimizer,post,,,0,0,0,0.001,48.42
cell,4,optimizer_197,Optimizer,post,,,0,0,0,0.001,48.42
cell,4,optimizer_198,Optimizer,post,,,0,0,0,0.001,48.42
cell,4,optimizer_199,Optimizer,post,,,0,0,0,0.001,48.42
cell,5,optimizer_0,Optimizer,post,,,0,0,0,0.001,48.42
cell,5,optimizer_1,Optimizer,post,,,0,0,0,0.001,48.42
cell,5,optimizer_2,Optimizer,post,,,0,0,0,0.001,48.42
cell,5,optimizer_3,Optimizer,post,,,0,0,0,0.001,48.42
cell,5,optimizer_4,Optimizer,post,,,0,0,0,0.001,48.42
cell,5,optimizer_5,Optimizer,post,,,0,0,0,0.001,48.42
cell,5,optimizer_6,Optimizer,post,,,0,0,0,0.001,48.42
cell,5,optimizer_7,Optimizer,post,,,0,0,0,0.001,48.42
cell,5,optimizer_8,Optimizer,post,,,0,0,0,0.001,48.42
cell,5,optimizer_9,Optimizer,post,,,0,0,0,0.001,48.42
cell,5,optimizer_10,Optimizer,post,,,0,0,0,0.001,48.42
cell,5,optimizer_11,Optimizer,post,,,0,0,0,0.001,48.42
cell,5,optimizer_12,Optimizer,post,,,0,0,0,0.001,48.42
cell,5,optimizer_13,Optimizer,post,,,0,0,0,0.001,48.42
cell,5,optimizer_14,Optimizer,post,,,0,0,0,0.001,48.42
cell,5,optimizer_15,Optimizer,post,,,0,0,0,0.001,48.42
cell,5,optimizer_16,Optimizer,post,,,0,0,0,0.001,48.42
cell,5,optimizer_17,Optimizer,post,,,0,0,0,0.001,48.42
cell,5,optimizer_18,Optimizer,post,,,0,0,0,0.001,48.42
cell,5,optimizer_19,Optimizer,post,,,0,0,0,0.001,48.42
cell,5,optimizer_20,Optimizer,post,,,0,0,0,0.001,48.42
cell,5,optimizer_21,Optimizer,post,,,0,0,0,0.001,48.42
cell,5,optimizer_22,Optimizer,post,,,0,0,0,0.001,48.42
cell,5,optimizer_23,Optimizer,post,,,0,0,0,0.001,48.42
cell,5,optimizer_24,Optimizer,post,,,0,0,0,0.001,48.42
cell,5,optimizer_25,Optimizer,post,,,0,0,0,0.001,48.42
cell,5,optimizer_26,Optimizer,post,,,0,0,0,0.001,48.42
cell,5,optimizer_27,Optimizer,post,,,0,0,0,0.001,48.42
cell,5,optimizer_28,Optimizer,post,,,0,0,0,0.001,48.42
cell,5,optimizer_29,Optimizer,post,,,0,0,0,0.001,48.42
cell,5,optimizer_30,Optimizer,post,,,0,0,0,0.001,48.42
cell,5,optimizer_31,Optimizer,post,,,0,0,0,0.001,48.42
cell,5,optimizer_32,Optimizer,post,,,0,0,0,0.001,48.42
cell,5,optimizer_33,Optimizer,post,,,0,0,0,0.001,48.42
cell,5,optimizer_34,Optimizer,post,,,0,0,0,0.001,48.42
cell,5,optimizer_35,Optimizer,post,,,0,0,0,0.002,48.42
cell,5,optimizer_36,Optimizer,post,,,0,0,0,0.001,48.42
cell,5,optimizer_37,Optimizer,post,,,0,0,0,0.001,48.42
cell,5,optimizer_38,Optimizer,post,,,0,0,0,0.001,48.42
cell,5,optimizer_39,Optimizer,post,,,0,0,0,0.001,48.42
cell,5,optimizer_40,Optimizer,post,,,0,0,0,0.001,48.42
cell,5,optimizer_41,Optimizer,post,,,0,0,0,0.001,48.42
cell,5,optimizer_42,Optimizer,post,,,0,0,0,0.001,48.42
cell,5,optimizer_43,Optimizer,post,,,0,0,0,0.001,48.42
cell,5,optimizer_44,Optimizer,post,,,0,0,0,0.001,48.42
cell,5,optimizer_45,Optimizer,post,,,0,0,0,0.002,48.42
cell,5,optimizer_46,Optimizer,post,,,0,0,0,0.001,48.42
cell,5,optimizer_47,Optimizer,post,,,0,0,0,0.001,48.42
cell,5,optimizer_48,Optimizer,post,,,0,0,0,0.001,48.42
cell,5,optimizer_49,Optimizer,post,,,0,0,0,0.001,48.42
cell,5,optimizer_50,Optimizer,post,,,0,0,0,0.001,48.42
cell,5,optimizer_51,Optimizer,post,,,0,0,0,0.001,48.42
cell,5,optimizer_52,Optimizer,post,,,0,0,0,0.001,48.42
cell,5,optimizer_53,Optimizer,post,,,0,0,0,0.001,48.42
cell,5,optimizer_54,Optimizer,post,,,0,0,0,0.001,48.42
cell,5,optimizer_55,Optimizer,post,,,0,0,0,0.002,48.42
cell,5,optimizer_56,Optimizer,post,,,0,0,0,0.001,48.42
cell,5,optimizer_57,Optimizer,post,,,0,0,0,0.001,48.42
cell,5,optimizer_58,Optimizer,post,,,0,0,0,0.001,48.42
cell,5,optimizer_59,Optimizer,post,,,0,0,0,0.009,48.42
cell,5,optimizer_60,Optimizer,post,,,0,0,0,0.001,48.42
cell,5,optimizer_61,Optimizer,post,,,0,0,0,0.002,48.42
cell,5,optimizer_62,Optimizer,post,,,0,0,0,0.001,48.42
cell,5,optimizer_63,Optimizer,post,,,0,0,0,0.001,48.42
cell,5,optimizer_64,Optimizer,post,,,0,0,0,0.001,48.42
cell,5,optimizer_65,Optimizer,post,,,0,0,0,0.001,48.42
cell,5,optimizer_66,Optimizer,post,,,0,0,0,0.001,48.42
cell,5,optimizer_67,Optimizer,post,,,0,0,0,0.001,48.42
cell,5,optimizer_68,Optimizer,post,,,0,0,0,0.001,48.42
cell,5,optimizer_69,Optimizer,post,,,0,0,0,0.001,48.42
cell,5,optimizer_70,Optimizer,post,,,0,0,0,0.001,48.42
cell,5,optimizer_71,Optimizer,post,,,0,0,0,0.001,48.42
cell,5,optimizer_72,Optimizer,post,,,0,0,0,0.001,48.42
cell,5,optimizer_73,Optimizer,post,,,0,0,0,0.001,48.42
cell,5,optimizer_74,Optimizer,post,,,0,0,0,0.001,48.42
cell,5,optimizer_75,Optimizer,post,,,0,0,0,0.001,48.42
cell,5,optimizer_76,Optimizer,post,,,0,0,0,0.001,48.42
cell,5,optimizer_77,Optimizer,post,,,0,0,0,0.001,48.42
cell,5,optimizer_78,Optimizer,post,,,0,0,0,0.001,48.42
cell,5,optimizer_79,Optimizer,post,,,0,0,0,0.001,48.42
cell,5,optimizer_80,Optimizer,post,,,0,0,0,0.001,48.42
cell,5,optimizer_81,Optimizer,post,,,0,0,0,0.001,48.42
cell,5,optimizer_82,Optimizer,post,,,0,0,0,0.001,48.42
cell,5,optimizer_83,Optimizer,post,,,0,0,0,0.001,48.42
cell,5,optimizer_84,Optimizer,post,,,0,0,0,0.001,48.42
cell,5,optimizer_85,Optimizer,post,,,0,0,0,0.001,48.42
cell,5,optimizer_86,Optimizer,post,,,0,0,0,0.001,48.42
cell,5,optimizer_87,Optimizer,post,,,0,0,0,0.001,48.42
cell,5,optimizer_88,Optimizer,post,,,0,0,0,0.001,48.42
cell,5,optimizer_89,Optimizer,post,,,0,0,0,0.001,48.42
cell,5,optimizer_90,Optimizer,post,,,0,0,0,0.001,48.42
cell,5,optimizer_91,Optimizer,post,,,0,0,0,0.001,48.42
cell,5,optimizer_92,Optimizer,post,,,0,0,0,0.001,48.42
cell,5,optimizer_93,Optimizer,post,,,0,0,0,0.001,48.42
cell,5,optimizer_94,Optimizer,post,,,0,0,0,0.001,48.42
cell,5,optimizer_95,Optimizer,post,,,0,0,0,0.001,48.42
cell,5,optimizer_96,Optimizer,post,,,0,0,0,0.001,48.42
cell,5,optimizer_97,Optimizer,post,,,0,0,0,0.001,48.42
cell,5,optimizer_98,Optimizer,post,,,0,0,0,0.001,48.42
cell,5,optimizer_99,Optimizer,post,,,0,0,0,0.001,48.42
cell,5,optimizer_100,Optimizer,post,,,0,0,0,0.001,48.42
cell,5,optimizer_101,Optimizer,post,,,0,0,0,0.001,48.42
cell,5,optimizer_102,Optimizer,post,,,0,0,0,0.001,48.42
cell,5,optimizer_103,Optimizer,post,,,0,0,0,0.001,48.42
cell,5,optimizer_104,Optimizer,post,,,0,0,0,0.001,48.42
cell,5,optimizer_105,Optimizer,post,,,0,0,0,0.001,48.42
cell,5,optimizer_106,Optimizer,post,,,0,0,0,0.001,48.42
cell,5,optimizer_107,Optimizer,post,,,0,0,0,0.001,48.42
cell,5,optimizer_108,Optimizer,post,,,0,0,0,0.001,48.42
cell,5,optimizer_109,Optimizer,post,,,0,0,0,0.001,48.42
cell,5,optimizer_110,Optimizer,post,,,0,0,0,0.001,48.42
cell,5,optimizer_111,Optimizer,post,,,0,0,0,0.001,48.42
cell,5,optimizer_112,Optimizer,post,,,0,0,0,0.001,48.42
cell,5,optimizer_113,Optimizer,post,,,0,0,0,0.001,48.42
cell,5,optimizer_114,Optimizer,post,,,0,0,0,0.001,48.42
cell,5,optimizer_115,Optimizer,post,,,0,0,0,0.001,48.42
cell,5,optimizer_116,Optimizer,post,,,0,0,0,0.001,48.42
cell,5,optimizer_117,Optimizer,post,,,0,0,0,0.001,48.42
cell,5,optimizer_118,Optimizer,post,,,0,0,0,0.001,48.42
cell,5,optimizer_119,Optimizer,post,,,0,0,0,0.001,48.42
cell,5,optimizer_120,Optimizer,post,,,0,0,0,0.001,48.42
cell,5,optimizer_121,Optimizer,post,,,0,0,0,0.001,48.42
cell,5,optimizer_122,Optimizer,post,,,0,0,0,0.001,48.42
cell,5,optimizer_123,Optimizer,post,,,0,0,0,0.001,48.42
cell,5,optimizer_124,Optimizer,post,,,0,0,0,0.001,48.42
cell,5,optimizer_125,Optimizer,post,,,0,0,0,0.001,48.42
cell,5,optimizer_126,Optimizer,post,,,0,0,0,0.001,48.42
cell,5,optimizer_127,Optimizer,post,,,0,0,0,0.001,48.42
cell,5,optimizer_128,Optimizer,post,,,0,0,0,0.001,48.42
cell,5,optimizer_129,Optimizer,post,,,0,0,0,0.001,48.42
cell,5,optimizer_130,Optimizer,post,,,0,0,0,0.001,48.42
cell,5,optimizer_131,Optimizer,post,,,0,0,0,0.001,48.42
cell,5,optimizer_132,Optimizer,post,,,0,0,0,0.001,48.42
cell,5,optimizer_133,Optimizer,post,,,0,0,0,0.001,48.42
cell,5,optimizer_134,Optimizer,post,,,0,0,0,0.001,48.42
cell,5,optimizer_135,Optimizer,post,,,0,0,0,0.009,48.42
cell,5,optimizer_136,Optimizer,post,,,0,0,0,0.001,48.42
cell,5,optimizer_137,Optimizer,post,,,0,0,0,0.001,48.42
cell,5,optimizer_138,Optimizer,post,,,0,0,0,0.001,48.42
cell,5,optimizer_139,Optimizer,post,,,0,0,0,0.001,48.42
cell,5,optimizer_140,Optimizer,post,,,0,0,0,0.001,48.42
cell,5,optimizer_141,Optimizer,post,,,0,0,0,0.001,48.42
cell,5,optimizer_142,Optimizer,post,,,0,0,0,0.001,48.42
cell,5,optimizer_143,Optimizer,post,,,0,0,0,0.001,48.42
cell,5,optimizer_144,Optimizer,post,,,0,0,0,0.001,48.42
cell,5,optimizer_145,Optimizer,post,,,0,0,0,0.001,48.42
cell,5,optimizer_146,Optimizer,post,,,0,0,0,0.001,48.42
cell,5,optimizer_147,Optimizer,post,,,0,0,0,0.001,48.42
cell,5,optimizer_148,Optimizer,post,,,0,0,0,0.001,48.42
cell,5,optimizer_149,Optimizer,post,,,0,0,0,0.001,48.42
cell,5,optimizer_150,Optimizer,post,,,0,0,0,0.001,48.42
cell,5,optimizer_151,Optimizer,post,,,0,0,0,0.001,48.42
cell,5,optimizer_152,Optimizer,post,,,0,0,0,0.001,48.42
cell,5,optimizer_153,Optimizer,post,,,0,0,0,0.001,48.42
cell,5,optimizer_154,Optimizer,post,,,0,0,0,0.001,48.42
cell,5,optimizer_155,Optimizer,post,,,0,0,0,0.001,48.42
cell,5,optimizer_156,Optimizer,post,,,0,0,0,0.001,48.42
cell,5,optimizer_157,Optimizer,post,,,0,0,0,0.001,48.42
cell,5,optimizer_158,Optimizer,post,,,0,0,0,0.001,48.42
cell,5,optimizer_159,Optimizer,post,,,0,0,0,0.001,48.42
cell,5,optimizer_160,Optimizer,post,,,0,0,0,0.001,48.42
cell,5,optimizer_161,Optimizer,post,,,0,0,0,0.001,48.42
cell,5,optimizer_162,Optimizer,post,,,0,0,0,0.001,48.42
cell,5,optimizer_163,Optimizer,post,,,0,0,0,0.001,48.42
cell,5,optimizer_164,Optimizer,post,,,0,0,0,0.001,48.42
cell,5,optimizer_165,Optimizer,post,,,0,0,0,0.001,48.42
cell,5,optimizer_166,Optimizer,post,,,0,0,0,0.001,48.42
cell,5,optimizer_167,Optimizer,post,,,0,0,0,0.001,48.42
cell,5,optimizer_168,Optimizer,post,,,0,0,0,0.001,48.42
cell,5,optimizer_169,Optimizer,post,,,0,0,0,0.001,48.42
cell,5,optimizer_170,Optimizer,post,,,0,0,0,0.001,48.42
cell,5,optimizer_171,Optimizer,post,,,0,0,0,0.001,48.42
cell,5,optimizer_172,Optimizer,post,,,0,0,0,0.001,48.42
cell,5,optimizer_173,Optimizer,post,,,0,0,0,0.001,48.42
cell,5,optimizer_174,Optimizer,post,,,0,0,0,0.001,48.42
cell,5,optimizer_175,Optimizer,post,,,0,0,0,0.001,48.42
cell,5,optimizer_176,Optimizer,post,,,0,0,0,0.001,48.42
cell,5,optimizer_177,Optimizer,post,,,0,0,0,0.001,48.42
cell,5,optimizer_178,Optimizer,post,,,0,0,0,0.001,48.42
cell,5,optimizer_179,Optimizer,post,,,0,0,0,0.001,48.42
cell,5,optimizer_180,Optimizer,post,,,0,0,0,0.001,48.42
cell,5,optimizer_181,Optimizer,post,,,0,0,0,0.001,48.42
cell,5,optimizer_182,Optimizer,post,,,0,0,0,0.001,48.42
cell,5,optimizer_183,Optimizer,post,,,0,0,0,0.001,48.42
cell,5,optimizer_184,Optimizer,post,,,0,0,0,0.001,48.42
cell,5,optimizer_185,Optimizer,post,,,0,0,0,0.001,48.42
cell,5,optimizer_186,Optimizer,post,,,0,0,0,0.001,48.42
cell,5,optimizer_187,Optimizer,post,,,0,0,0,0.001,48.42
cell,5,optimizer_188,Optimizer,post,,,0,0,0,0.001,48.42
cell,5,optimizer_189,Optimizer,post,,,0,0,0,0.001,48.42
cell,5,optimizer_190,Optimizer,post,,,0,0,0,0.001,48.42
cell,5,optimizer_191,Optimizer,post,,,0,0,0,0.001,48.42
cell,5,optimizer_192,Optimizer,post,,,0,0,0,0.001,48.42
cell,5,optimizer_193,Optimizer,post,,,0,0,0,0.001,48.42
cell,5,optimizer_194,Optimizer,post,,,0,0,0,0.001,48.42
cell,5,optimizer_195,Optimizer,post,,,0,0,0,0.001,48.42
cell,5,optimizer_196,Optimizer,post,,,0,0,0,0.001,48.42
cell,5,optimizer_197,Optimizer,post,,,0,0,0,0.001,48.42
cell,5,optimizer_198,Optimizer,post,,,0,0,0,0.001,48.42
cell,5,optimizer_199,Optimizer,post,,,0,0,0,0.001,48.42
cell,6,optimizer_0,Optimizer,post,,,0,0,0,0.001,48.44
cell,6,optimizer_1,Optimizer,post,,,0,0,0,0.001,48.44
cell,6,optimizer_2,Optimizer,post,,,0,0,0,0.001,48.44
cell,6,optimizer_3,Optimizer,post,,,0,0,0,0.001,48.44
cell,6,optimizer_4,Optimizer,post,,,0,0,0,0.001,48.44
cell,6,optimizer_5,Optimizer,post,,,0,0,0,0.001,48.44
cell,6,optimizer_6,Optimizer,post,,,0,0,0,0.001,48.44
cell,6,optimizer_7,Optimizer,post,,,0,0,0,0.001,48.44
cell,6,optimizer_8,Optimizer,post,,,0,0,0,0.001,48.44
cell,6,optimizer_9,Optimizer,post,,,0,0,0,0.001,48.44
cell,6,optimizer_10,Optimizer,post,,,0,0,0,0.001,48.44
cell,6,optimizer_11,Optimizer,post,,,0,0,0,0.001,48.44
cell,6,optimizer_12,Optimizer,post,,,0,0,0,0.002,48.44
cell,6,optimizer_13,Optimizer,post,,,0,0,0,0.002,48.44
cell,6,optimizer_14,Optimizer,post,,,0,0,0,0.001,48.44
cell,6,optimizer_15,Optimizer,post,,,0,0,0,0.001,48.44
cell,6,optimizer_16,Optimizer,post,,,0,0,0,0.002,48.44
cell,6,optimizer_17,Optimizer,post,,,0,0,0,0.001,48.44
cell,6,optimizer_18,Optimizer,post,,,0,0,0,0.001,48.44
cell,6,optimizer_19,Optimizer,post,,,0,0,0,0.001,48.44
cell,6,optimizer_20,Optimizer,post,,,0,0,0,0.001,48.44
cell,6,optimizer_21,Optimizer,post,,,0,0,0,0.001,48.44
cell,6,optimizer_22,Optimizer,post,,,0,0,0,0.001,48.44
cell,6,optimizer_23,Optimizer,post,,,0,0,0,0.001,48.44
cell,6,optimizer_24,Optimizer,post,,,0,0,0,0.001,48.44
cell,6,optimizer_25,Optimizer,post,,,0,0,0,0.001,48.44
cell,6,optimizer_26,Optimizer,post,,,0,0,0,0.001,48.44
cell,6,optimizer_27,Optimizer,post,,,0,0,0,0.001,48.44
cell,6,optimizer_28,Optimizer,post,,,0,0,0,0.001,48.44
cell,6,optimizer_29,Optimizer,post,,,0,0,0,0.001,48.44
cell,6,optimizer_30,Optimizer,post,,,0,0,0,0.001,48.44
cell,6,optimizer_31,Optimizer,post,,,0,0,0,0.001,48.44
cell,6,optimizer_32,Optimizer,post,,,0,0,0,0.001,48.44
cell,6,optimizer_33,Optimizer,post,,,0,0,0,0.001,48.44
cell,6,optimizer_34,Optimizer,post,,,0,0,0,0.001,48.44
cell,6,optimizer_35,Optimizer,post,,,0,0,0,0.001,48.44
cell,6,optimizer_36,Optimizer,post,,,0,0,0,0.001,48.44
cell,6,optimizer_37,Optimizer,post,,,0,0,0,0.001,48.44
cell,6,optimizer_38,Optimizer,post,,,0,0,0,0.001,48.44
cell,6,optimizer_39,Optimizer,post,,,0,0,0,0.001,48.44
cell,6,optimizer_40,Optimizer,post,,,0,0,0,0.001,48.44
cell,6,optimizer_41,Optimizer,post,,,0,0,0,0.001,48.44
cell,6,optimizer_42,Optimizer,post,,,0,0,0,0.001,48.44
cell,6,optimizer_43,Optimizer,post,,,0,0,0,0.001,48.44
cell,6,optimizer_44,Optimizer,post,,,0,0,0,0.001,48.44
cell,6,optimizer_45,Optimizer,post,,,0,0,0,0.001,48.44
cell,6,optimizer_46,Optimizer,post,,,0,0,0,0.001,48.44
cell,6,optimizer_47,Optimizer,post,,,0,0,0,0.001,48.44
cell,6,optimizer_48,Optimizer,post,,,0,0,0,0.001,48.44
cell,6,optimizer_49,Optimizer,post,,,0,0,0,0.001,48.44
cell,6,optimizer_50,Optimizer,post,,,0,0,0,0.001,48.44
cell,6,optimizer_51,Optimizer,post,,,0,0,0,0.001,48.44
cell,6,optimizer_52,Optimizer,post,,,0,0,0,0.001,48.44
cell,6,optimizer_53,Optimizer,post,,,0,0,0,0.001,48.44
cell,6,optimizer_54,Optimizer,post,,,0,0,0,0.001,48.44
cell,6,optimizer_55,Optimizer,post,,,0,0,0,0.001,48.44
cell,6,optimizer_56,Optimizer,post,,,0,0,0,0.001,48.44
cell,6,optimizer_57,Optimizer,post,,,0,0,0,0.001,48.44
cell,6,optimizer_58,Optimizer,post,,,0,0,0,0.001,48.44
cell,6,optimizer_59,Optimizer,post,,,0,0,0,0.001,48.44
cell,6,optimizer_60,Optimizer,post,,,0,0,0,0.001,48.44
cell,6,optimizer_61,Optimizer,post,,,0,0,0,0.001,48.44
cell,6,optimizer_62,Optimizer,post,,,0,0,0,0.001,48.44
cell,6,optimizer_63,Optimizer,post,,,0,0,0,0.001,48.44
cell,6,optimizer_64,Optimizer,post,,,0,0,0,0.001,48.44
cell,6,optimizer_65,Optimizer,post,,,0,0,0,0.002,48.44
cell,6,optimizer_66,Optimizer,post,,,0,0,0,0.001,48.44
cell,6,optimizer_67,Optimizer,post,,,0,0,0,0.001,48.44
cell,6,optimizer_68,Optimizer,post,,,0,0,0,0.001,48.44
cell,6,optimizer_69,Optimizer,post,,,0,0,0,0.001,48.44
cell,6,optimizer_70,Optimizer,post,,,0,0,0,0.001,48.44
cell,6,optimizer_71,Optimizer,post,,,0,0,0,0.001,48.44
cell,6,optimizer_72,Optimizer,post,,,0,0,0,0.001,48.44
cell,6,optimizer_73,Optimizer,post,,,0,0,0,0.001,48.44
cell,6,optimizer_74,Optimizer,post,,,0,0,0,0.001,48.44
cell,6,optimizer_75,Optimizer,post,,,0,0,0,0.001,48.44
cell,6,optimizer_76,Optimizer,post,,,0,0,0,0.001,48.44
cell,6,optimizer_77,Optimizer,post,,,0,0,0,0.001,48.44
cell,6,optimizer_78,Optimizer,post,,,0,0,0,0.001,48.44
cell,6,optimizer_79,Optimizer,post,,,0,0,0,0.001,48.44
cell,6,optimizer_80,Optimizer,post,,,0,0,0,0.001,48.44
cell,6,optimizer_81,Optimizer,post,,,0,0,0,0.001,48.44
cell,6,optimizer_82,Optimizer,post,,,0,0,0,0.001,48.44
cell,6,optimizer_83,Optimizer,post,,,0,0,0,0.001,48.44
cell,6,optimizer_84,Optimizer,post,,,0,0,0,0.001,48.44
cell,6,optimizer_85,Optimizer,post,,,0,0,0,0.001,48.44
cell,6,optimizer_86,Optimizer,post,,,0,0,0,0.001,48.44
cell,6,optimizer_87,Optimizer,post,,,0,0,0,0.001,48.44
cell,6,optimizer_88,Optimizer,post,,,0,0,0,0.001,48.44
cell,6,optimizer_89,Optimizer,post,,,0,0,0,0.001,48.44
cell,6,optimizer_90,Optimizer,post,,,0,0,0,0.001,48.44
cell,6,optimizer_91,Optimizer,post,,,0,0,0,0.001,48.44
cell,6,optimizer_92,Optimizer,post,,,0,0,0,0.001,48.44
cell,6,optimizer_93,Optimizer,post,,,0,0,0,0.001,48.44
cell,6,optimizer_94,Optimizer,post,,,0,0,0,0.001,48.44
cell,6,optimizer_95,Optimizer,post,,,0,0,0,0.001,48.44
cell,6,optimizer_96,Optimizer,post,,,0,0,0,0.001,48.44
cell,6,optimizer_97,Optimizer,post,,,0,0,0,0.001,48.44
cell,6,optimizer_98,Optimizer,post,,,0,0,0,0.001,48.44
cell,6,optimizer_99,Optimizer,post,,,0,0,0,0.001,48.44
cell,6,optimizer_100,Optimizer,post,,,0,0,0,0.001,48.44
cell,6,optimizer_101,Optimizer,post,,,0,0,0,0.001,48.44
cell,6,optimizer_102,Optimizer,post,,,0,0,0,0.001,48.44
cell,6,optimizer_103,Optimizer,post,,,0,0,0,0.001,48.44
cell,6,optimizer_104,Optimizer,post,,,0,0,0,0.001,48.44
cell,6,optimizer_105,Optimizer,post,,,0,0,0,0.001,48.44
cell,6,optimizer_106,Optimizer,post,,,0,0,0,0.001,48.44
cell,6,optimizer_107,Optimizer,post,,,0,0,0,0.002,48.44
cell,6,optimizer_108,Optimizer,post,,,0,0,0,0.001,48.44
cell,6,optimizer_109,Optimizer,post,,,0,0,0,0.001,48.44
cell,6,optimizer_110,Optimizer,post,,,0,0,0,0.001,48.44
cell,6,optimizer_111,Optimizer,post,,,0,0,0,0.001,48.44
cell,6,optimizer_112,Optimizer,post,,,0,0,0,0.001,48.44
cell,6,optimizer_113,Optimizer,post,,,0,0,0,0.001,48.44
cell,6,optimizer_114,Optimizer,post,,,0,0,0,0.001,48.44
cell,6,optimizer_115,Optimizer,post,,,0,0,0,0.001,48.44
cell,6,optimizer_116,Optimizer,post,,,0,0,0,0.001,48.44
cell,6,optimizer_117,Optimizer,post,,,0,0,0,0.001,48.44
cell,6,optimizer_118,Optimizer,post,,,0,0,0,0.001,48.44
cell,6,optimizer_119,Optimizer,post,,,0,0,0,0.001,48.44
cell,6,optimizer_120,Optimizer,post,,,0,0,0,0.001,48.44
cell,6,optimizer_121,Optimizer,post,,,0,0,0,0.001,48.44
cell,6,optimizer_122,Optimizer,post,,,0,0,0,0.001,48.44
cell,6,optimizer_123,Optimizer,post,,,0,0,0,0.001,48.44
cell,6,optimizer_124,Optimizer,post,,,0,0,0,0.001,48.44
cell,6,optimizer_125,Optimizer,post,,,0,0,0,0.001,48.44
cell,6,optimizer_126,Optimizer,post,,,0,0,0,0.001,48.44
cell,6,optimizer_127,Optimizer,post,,,0,0,0,0.001,48.44
cell,6,optimizer_128,Optimizer,post,,,0,0,0,0.001,48.44
cell,6,optimizer_129,Optimizer,post,,,0,0,0,0.001,48.44
cell,6,optimizer_130,Optimizer,post,,,0,0,0,0.001,48.44
cell,6,optimizer_131,Optimizer,post,,,0,0,0,0.001,48.44
cell,6,optimizer_132,Optimizer,post,,,0,0,0,0.001,48.44
cell,6,optimizer_133,Optimizer,post,,,0,0,0,0.001,48.44
cell,6,optimizer_134,Optimizer,post,,,0,0,0,0.001,48.44
cell,6,optimizer_135,Optimizer,post,,,0,0,0,0.001,48.44
cell,6,optimizer_136,Optimizer,post,,,0,0,0,0.001,48.44
cell,6,optimizer_137,Optimizer,post,,,0,0,0,0.001,48.44
cell,6,optimizer_138,Optimizer,post,,,0,0,0,0.001,48.44
cell,6,optimizer_139,Optimizer,post,,,0,0,0,0.001,48.44
cell,6,optimizer_140,Optimizer,post,,,0,0,0,0.001,48.44
cell,6,optimizer_141,Optimizer,post,,,0,0,0,0.001,48.44
cell,6,optimizer_142,Optimizer,post,,,0,0,0,0.001,48.44
cell,6,optimizer_143,Optimizer,post,,,0,0,0,0.001,48.44
cell,6,optimizer_144,Optimizer,post,,,0,0,0,0.001,48.44
cell,6,optimizer_145,Optimizer,post,,,0,0,0,0.001,48.44
cell,6,optimizer_146,Optimizer,post,,,0,0,0,0.001,48.44
cell,6,optimizer_147,Optimizer,post,,,0,0,0,0.001,48.44
cell,6,optimizer_148,Optimizer,post,,,0,0,0,0.001,48.44
cell,6,optimizer_149,Optimizer,post,,,0,0,0,0.001,48.44
cell,6,optimizer_150,Optimizer,post,,,0,0,0,0.001,48.44
cell,6,optimizer_151,Optimizer,post,,,0,0,0,0.001,48.44
cell,6,optimizer_152,Optimizer,post,,,0,0,0,0.001,48.44
cell,6,optimizer_153,Optimizer,post,,,0,0,0,0.001,48.44
cell,6,optimizer_154,Optimizer,post,,,0,0,0,0.001,48.44
cell,6,optimizer_155,Optimizer,post,,,0,0,0,0.001,48.44
cell,6,optimizer_156,Optimizer,post,,,0,0,0,0.001,48.44
cell,6,optimizer_157,Optimizer,post,,,0,0,0,0.001,48.44
cell,6,optimizer_158,Optimizer,post,,,0,0,0,0.001,48.44
cell,6,optimizer_159,Optimizer,post,,,0,0,0,0.001,48.44
cell,6,optimizer_160,Optimizer,post,,,0,0,0,0.001,48.44
cell,6,optimizer_161,Optimizer,post,,,0,0,0,0.001,48.44
cell,6,optimizer_162,Optimizer,post,,,0,0,0,0.001,48.44
cell,6,optimizer_163,Optimizer,post,,,0,0,0,0.001,48.44
cell,6,optimizer_164,Optimizer,post,,,0,0,0,0.001,48.44
cell,6,optimizer_165,Optimizer,post,,,0,0,0,0.002,48.44
cell,6,optimizer_166,Optimizer,post,,,0,0,0,0.001,48.44
cell,6,optimizer_167,Optimizer,post,,,0,0,0,0.001,48.44
cell,6,optimizer_168,Optimizer,post,,,0,0,0,0.001,48.44
cell,6,optimizer_169,Optimizer,post,,,0,0,0,0.001,48.44
cell,6,optimizer_170,Optimizer,post,,,0,0,0,0.001,48.44
cell,6,optimizer_171,Optimizer,post,,,0,0,0,0.001,48.44
cell,6,optimizer_172,Optimizer,post,,,0,0,0,0.001,48.44
cell,6,optimizer_173,Optimizer,post,,,0,0,0,0.001,48.44
cell,6,optimizer_174,Optimizer,post,,,0,0,0,0.001,48.44
cell,6,optimizer_175,Optimizer,post,,,0,0,0,0.001,48.44
cell,6,optimizer_176,Optimizer,post,,,0,0,0,0.001,48.44
cell,6,optimizer_177,Optimizer,post,,,0,0,0,0.001,48.44
cell,6,optimizer_178,Optimizer,post,,,0,0,0,0.001,48.44
cell,6,optimizer_179,Optimizer,post,,,0,0,0,0.001,48.44
cell,6,optimizer_180,Optimizer,post,,,0,0,0,0.001,48.44
cell,6,optimizer_181,Optimizer,post,,,0,0,0,0.001,48.44
cell,6,optimizer_182,Optimizer,post,,,0,0,0,0.001,48.44
cell,6,optimizer_183,Optimizer,post,,,0,0,0,0.001,48.44
cell,6,optimizer_184,Optimizer,post,,,0,0,0,0.001,48.44
cell,6,optimizer_185,Optimizer,post,,,0,0,0,0.001,48.44
cell,6,optimizer_186,Optimizer,post,,,0,0,0,0.001,48.44
cell,6,optimizer_187,Optimizer,post,,,0,0,0,0.001,48.44
cell,6,optimizer_188,Optimizer,post,,,0,0,0,0.001,48.44
cell,6,optimizer_189,Optimizer,post,,,0,0,0,0.001,48.44
cell,6,optimizer_190,Optimizer,post,,,0,0,0,0.001,48.44
cell,6,optimizer_191,Optimizer,post,,,0,0,0,0.001,48.44
cell,6,optimizer_192,Optimizer,post,,,0,0,0,0.001,48.44
cell,6,optimizer_193,Optimizer,post,,,0,0,0,0.001,48.44
cell,6,optimizer_194,Optimizer,post,,,0,0,0,0.001,48.44
cell,6,optimizer_195,Optimizer,post,,,0,0,0,0.001,48.44
cell,6,optimizer_196,Optimizer,post,,,0,0,0,0.001,48.44
cell,6,optimizer_197,Optimizer,post,,,0,0,0,0.001,48.44
cell,6,optimizer_198,Optimizer,post,,,0,0,0,0.001,48.44
cell,6,optimizer_199,Optimizer,post,,,0,0,0,0.001,48.44
cell,7,optimizer_0,Optimizer,post,,,0,0,0,0.001,48.44
cell,7,optimizer_1,Optimizer,post,,,0,0,0,0.001,48.44
cell,7,optimizer_2,Optimizer,post,,,0,0,0,0.001,48.44
cell,7,optimizer_3,Optimizer,post,,,0,0,0,0.001,48.44
cell,7,optimizer_4,Optimizer,post,,,0,0,0,0.001,48.44
cell,7,optimizer_5,Optimizer,post,,,0,0,0,0.001,48.44
cell,7,optimizer_6,Optimizer,post,,,0,0,0,0.001,48.44
cell,7,optimizer_7,Optimizer,post,,,0,0,0,0.001,48.44
cell,7,optimizer_8,Optimizer,post,,,0,0,0,0.001,48.44
cell,7,optimizer_9,Optimizer,post,,,0,0,0,0.001,48.44
cell,7,optimizer_10,Optimizer,post,,,0,0,0,0.001,48.44
cell,7,optimizer_11,Optimizer,post,,,0,0,0,0.001,48.44
cell,7,optimizer_12,Optimizer,post,,,0,0,0,0.001,48.44
cell,7,optimizer_13,Optimizer,post,,,0,0,0,0.001,48.44
cell,7,optimizer_14,Optimizer,post,,,0,0,0,0.006,48.44
cell,7,optimizer_15,Optimizer,post,,,0,0,0,0.001,48.44
cell,7,optimizer_16,Optimizer,post,,,0,0,0,0.001,48.44
cell,7,optimizer_17,Optimizer,post,,,0,0,0,0.001,48.44
cell,7,optimizer_18,Optimizer,post,,,0,0,0,0.001,48.44
cell,7,optimizer_19,Optimizer,post,,,0,0,0,0.001,48.44
cell,7,optimizer_20,Optimizer,post,,,0,0,0,0.001,48.44
cell,7,optimizer_21,Optimizer,post,,,0,0,0,0.001,48.44
cell,7,optimizer_22,Optimizer,post,,,0,0,0,0.001,48.44
cell,7,optimizer_23,Optimizer,post,,,0,0,0,0.001,48.44
cell,7,optimizer_24,Optimizer,post,,,0,0,0,0.001,48.44
cell,7,optimizer_25,Optimizer,post,,,0,0,0,0.001,48.44
cell,7,optimizer_26,Optimizer,post,,,0,0,0,0.001,48.44
cell,7,optimizer_27,Optimizer,post,,,0,0,0,0.001,48.44
cell,7,optimizer_28,Optimizer,post,,,0,0,0,0.001,48.44
cell,7,optimizer_29,Optimizer,post,,,0,0,0,0.001,48.44
cell,7,optimizer_30,Optimizer,post,,,0,0,0,0.001,48.44
cell,7,optimizer_31,Optimizer,post,,,0,0,0,0.001,48.44
cell,7,optimizer_32,Optimizer,post,,,0,0,0,0.001,48.44
cell,7,optimizer_33,Optimizer,post,,,0,0,0,0.001,48.44
cell,7,optimizer_34,Optimizer,post,,,0,0,0,0.001,48.44
cell,7,optimizer_35,Optimizer,post,,,0,0,0,0.001,48.44
cell,7,optimizer_36,Optimizer,post,,,0,0,0,0.001,48.44
cell,7,optimizer_37,Optimizer,post,,,0,0,0,0.001,48.44
cell,7,optimizer_38,Optimizer,post,,,0,0,0,0.001,48.44
cell,7,optimizer_39,Optimizer,post,,,0,0,0,0.001,48.44
cell,7,optimizer_40,Optimizer,post,,,0,0,0,0.002,48.44
cell,7,optimizer_41,Optimizer,post,,,0,0,0,0.001,48.44
cell,7,optimizer_42,Optimizer,post,,,0,0,0,0.001,48.44
cell,7,optimizer_43,Optimizer,post,,,0,0,0,0.001,48.44
cell,7,optimizer_44,Optimizer,post,,,0,0,0,0.001,48.44
cell,7,optimizer_45,Optimizer,post,,,0,0,0,0.001,48.44
cell,7,optimizer_46,Optimizer,post,,,0,0,0,0.001,48.44
cell,7,optimizer_47,Optimizer,post,,,0,0,0,0.001,48.44
cell,7,optimizer_48,Optimizer,post,,,0,0,0,0.001,48.44
cell,7,optimizer_49,Optimizer,post,,,0,0,0,0.001,48.44
cell,7,optimizer_50,Optimizer,post,,,0,0,0,0.001,48.44
cell,7,optimizer_51,Optimizer,post,,,0,0,0,0.001,48.44
cell,7,optimizer_52,Optimizer,post,,,0,0,0,0.001,48.44
cell,7,optimizer_53,Optimizer,post,,,0,0,0,0.001,48.44
cell,7,optimizer_54,Optimizer,post,,,0,0,0,0.001,48.44
cell,7,optimizer_55,Optimizer,post,,,0,0,0,0.001,48.44
cell,7,optimizer_56,Optimizer,post,,,0,0,0,0.001,48.44
cell,7,optimizer_57,Optimizer,post,,,0,0,0,0.001,48.44
cell,7,optimizer_58,Optimizer,post,,,0,0,0,0.002,48.44
cell,7,optimizer_59,Optimizer,post,,,0,0,0,0.001,48.44
cell,7,optimizer_60,Optimizer,post,,,0,0,0,0.001,48.44
cell,7,optimizer_61,Optimizer,post,,,0,0,0,0.001,48.44
cell,7,optimizer_62,Optimizer,post,,,0,0,0,0.001,48.44
cell,7,optimizer_63,Optimizer,post,,,0,0,0,0.001,48.44
cell,7,optimizer_64,Optimizer,post,,,0,0,0,0.001,48.44
cell,7,optimizer_65,Optimizer,post,,,0,0,0,0.001,48.44
cell,7,optimizer_66,Optimizer,post,,,0,0,0,0.001,48.44
cell,7,optimizer_67,Optimizer,post,,,0,0,0,0.001,48.44
cell,7,optimizer_68,Optimizer,post,,,0,0,0,0.001,48.44
cell,7,optimizer_69,Optimizer,post,,,0,0,0,0.001,48.44
cell,7,optimizer_70,Optimizer,post,,,0,0,0,0.001,48.44
cell,7,optimizer_71,Optimizer,post,,,0,0,0,0.001,48.44
cell,7,optimizer_72,Optimizer,post,,,0,0,0,0.001,48.44
cell,7,optimizer_73,Optimizer,post,,,0,0,0,0.001,48.44
cell,7,optimizer_74,Optimizer,post,,,0,0,0,0.001,48.44
cell,7,optimizer_75,Optimizer,post,,,0,0,0,0.001,48.44
cell,7,optimizer_76,Optimizer,post,,,0,0,0,0.001,48.44
cell,7,optimizer_77,Optimizer,post,,,0,0,0,0.001,48.44
cell,7,optimizer_78,Optimizer,post,,,0,0,0,0.001,48.44
cell,7,optimizer_79,Optimizer,post,,,0,0,0,0.001,48.44
cell,7,optimizer_80,Optimizer,post,,,0,0,0,0.001,48.44
cell,7,optimizer_81,Optimizer,post,,,0,0,0,0.001,48.44
cell,7,optimizer_82,Optimizer,post,,,0,0,0,0.001,48.44
cell,7,optimizer_83,Optimizer,post,,,0,0,0,0.001,48.44
cell,7,optimizer_84,Optimizer,post,,,0,0,0,0.001,48.44
cell,7,optimizer_85,Optimizer,post,,,0,0,0,0.001,48.44
cell,7,optimizer_86,Optimizer,post,,,0,0,0,0.001,48.44
cell,7,optimizer_87,Optimizer,post,,,0,0,0,0.001,48.44
cell,7,optimizer_88,Optimizer,post,,,0,0,0,0.001,48.44
cell,7,optimizer_89,Optimizer,post,,,0,0,0,0.001,48.44
cell,7,optimizer_90,Optimizer,post,,,0,0,0,0.001,48.44
cell,7,optimizer_91,Optimizer,post,,,0,0,0,0.001,48.44
cell,7,optimizer_92,Optimizer,post,,,0,0,0,0.001,48.44
cell,7,optimizer_93,Optimizer,post,,,0,0,0,0.001,48.44
cell,7,optimizer_94,Optimizer,post,,,0,0,0,0.001,48.44
cell,7,optimizer_95,Optimizer,post,,,0,0,0,0.001,48.44
cell,7,optimizer_96,Optimizer,post,,,0,0,0,0.001,48.44
cell,7,optimizer_97,Optimizer,post,,,0,0,0,0.001,48.44
cell,7,optimizer_98,Optimizer,post,,,0,0,0,0.001,48.44
cell,7,optimizer_99,Optimizer,post,,,0,0,0,0.001,48.44
cell,7,optimizer_100,Optimizer,post,,,0,0,0,0.001,48.44
cell,7,optimizer_101,Optimizer,post,,,0,0,0,0.001,48.44
cell,7,optimizer_102,Optimizer,post,,,0,0,0,0.001,48.44
cell,7,optimizer_103,Optimizer,post,,,0,0,0,0.001,48.44
cell,7,optimizer_104,Optimizer,post,,,0,0,0,0.001,48.44
cell,7,optimizer_105,Optimizer,post,,,0,0,0,0.001,48.44
cell,7,optimizer_106,Optimizer,post,,,0,0,0,0.001,48.44
cell,7,optimizer_107,Optimizer,post,,,0,0,0,0.001,48.44
cell,7,optimizer_108,Optimizer,post,,,0,0,0,0.001,48.44
cell,7,optimizer_109,Optimizer,post,,,0,0,0,0.001,48.44
cell,7,optimizer_110,Optimizer,post,,,0,0,0,0.001,48.44
cell,7,optimizer_111,Optimizer,post,,,0,0,0,0.001,48.44
cell,7,optimizer_112,Optimizer,post,,,0,0,0,0.001,48.44
cell,7,optimizer_113,Optimizer,post,,,0,0,0,0.001,48.44
cell,7,optimizer_114,Optimizer,post,,,0,0,0,0.001,48.44
cell,7,optimizer_115,Optimizer,post,,,0,0,0,0.001,48.44
cell,7,optimizer_116,Optimizer,post,,,0,0,0,0.001,48.44
cell,7,optimizer_117,Optimizer,post,,,0,0,0,0.001,48.44
cell,7,optimizer_118,Optimizer,post,,,0,0,0,0.001,48.44
cell,7,optimizer_119,Optimizer,post,,,0,0,0,0.001,48.44
cell,7,optimizer_120,Optimizer,post,,,0,0,0,0.001,48.44
cell,7,optimizer_121,Optimizer,post,,,0,0,0,0.001,48.44
cell,7,optimizer_122,Optimizer,post,,,0,0,0,0.001,48.44
cell,7,optimizer_123,Optimizer,post,,,0,0,0,0.001,48.44
cell,7,optimizer_124,Optimizer,post,,,0,0,0,0.001,48.44
cell,7,optimizer_125,Optimizer,post,,,0,0,0,0.001,48.44
cell,7,optimizer_126,Optimizer,post,,,0,0,0,0.001,48.44
cell,7,optimizer_127,Optimizer,post,,,0,0,0,0.001,48.44
cell,7,optimizer_128,Optimizer,post,,,0,0,0,0.001,48.44
cell,7,optimizer_129,Optimizer,post,,,0,0,0,0.001,48.44
cell,7,optimizer_130,Optimizer,post,,,0,0,0,0.001,48.44
cell,7,optimizer_131,Optimizer,post,,,0,0,0,0.001,48.44
cell,7,optimizer_132,Optimizer,post,,,0,0,0,0.001,48.44
cell,7,optimizer_133,Optimizer,post,,,0,0,0,0.001,48.44
cell,7,optimizer_134,Optimizer,post,,,0,0,0,0.001,48.44
cell,7,optimizer_135,Optimizer,post,,,0,0,0,0.001,48.44
cell,7,optimizer_136,Optimizer,post,,,0,0,0,0.001,48.44
cell,7,optimizer_137,Optimizer,post,,,0,0,0,0.001,48.44
cell,7,optimizer_138,Optimizer,post,,,0,0,0,0.001,48.44
cell,7,optimizer_139,Optimizer,post,,,0,0,0,0.001,48.44
cell,7,optimizer_140,Optimizer,post,,,0,0,0,0.001,48.44
cell,7,optimizer_141,Optimizer,post,,,0,0,0,0.001,48.44
cell,7,optimizer_142,Optimizer,post,,,0,0,0,0.001,48.44
cell,7,optimizer_143,Optimizer,post,,,0,0,0,0.001,48.44
cell,7,optimizer_144,Optimizer,post,,,0,0,0,0.001,48.44
cell,7,optimizer_145,Optimizer,post,,,0,0,0,0.001,48.44
cell,7,optimizer_146,Optimizer,post,,,0,0,0,0.001,48.44
cell,7,optimizer_147,Optimizer,post,,,0,0,0,0.001,48.44
cell,7,optimizer_148,Optimizer,post,,,0,0,0,0.001,48.44
cell,7,optimizer_149,Optimizer,post,,,0,0,0,0.001,48.44
cell,7,optimizer_150,Optimizer,post,,,0,0,0,0.001,48.44
cell,7,optimizer_151,Optimizer,post,,,0,0,0,0.001,48.44
cell,7,optimizer_152,Optimizer,post,,,0,0,0,0.001,48.44
cell,7,optimizer_153,Optimizer,post,,,0,0,0,0.001,48.44
cell,7,optimizer_154,Optimizer,post,,,0,0,0,0.001,48.44
cell,7,optimizer_155,Optimizer,post,,,0,0,0,0.001,48.44
cell,7,optimizer_156,Optimizer,post,,,0,0,0,0.001,48.44
cell,7,optimizer_157,Optimizer,post,,,0,0,0,0.001,48.44
cell,7,optimizer_158,Optimizer,post,,,0,0,0,0.001,48.44
cell,7,optimizer_159,Optimizer,post,,,0,0,0,0.001,48.44
cell,7,optimizer_160,Optimizer,post,,,0,0,0,0.001,48.44
cell,7,optimizer_161,Optimizer,post,,,0,0,0,0.001,48.44
cell,7,optimizer_162,Optimizer,post,,,0,0,0,0.001,48.44
cell,7,optimizer_163,Optimizer,post,,,0,0,0,0.001,48.44
cell,7,optimizer_164,Optimizer,post,,,0,0,0,0.001,48.44
cell,7,optimizer_165,Optimizer,post,,,0,0,0,0.001,48.44
cell,7,optimizer_166,Optimizer,post,,,0,0,0,0.001,48.44
cell,7,optimizer_167,Optimizer,post,,,0,0,0,0.001,48.44
cell,7,optimizer_168,Optimizer,post,,,0,0,0,0.001,48.44
cell,7,optimizer_169,Optimizer,post,,,0,0,0,0.001,48.44
cell,7,optimizer_170,Optimizer,post,,,0,0,0,0.001,48.44
cell,7,optimizer_171,Optimizer,post,,,0,0,0,0.001,48.44
cell,7,optimizer_172,Optimizer,post,,,0,0,0,0.001,48.44
cell,7,optimizer_173,Optimizer,post,,,0,0,0,0.001,48.44
cell,7,optimizer_174,Optimizer,post,,,0,0,0,0.001,48.44
cell,7,optimizer_175,Optimizer,post,,,0,0,0,0.001,48.44
cell,7,optimizer_176,Optimizer,post,,,0,0,0,0.001,48.44
cell,7,optimizer_177,Optimizer,post,,,0,0,0,0.001,48.44
cell,7,optimizer_178,Optimizer,post,,,0,0,0,0.001,48.44
cell,7,optimizer_179,Optimizer,post,,,0,0,0,0.001,48.44
cell,7,optimizer_180,Optimizer,post,,,0,0,0,0.001,48.44
cell,7,optimizer_181,Optimizer,post,,,0,0,0,0.001,48.44
cell,7,optimizer_182,Optimizer,post,,,0,0,0,0.001,48.44
cell,7,optimizer_183,Optimizer,post,,,0,0,0,0.001,48.44
cell,7,optimizer_184,Optimizer,post,,,0,0,0,0.001,48.44
cell,7,optimizer_185,Optimizer,post,,,0,0,0,0.001,48.44
cell,7,optimizer_186,Optimizer,post,,,0,0,0,0.001,48.44
cell,7,optimizer_187,Optimizer,post,,,0,0,0,0.001,48.44
cell,7,optimizer_188,Optimizer,post,,,0,0,0,0.001,48.44
cell,7,optimizer_189,Optimizer,post,,,0,0,0,0.001,48.44
cell,7,optimizer_190,Optimizer,post,,,0,0,0,0.001,48.44
cell,7,optimizer_191,Optimizer,post,,,0,0,0,0.001,48.44
cell,7,optimizer_192,Optimizer,post,,,0,0,0,0.001,48.44
cell,7,optimizer_193,Optimizer,post,,,0,0,0,0.001,48.44
cell,7,optimizer_194,Optimizer,post,,,0,0,0,0.001,48.44
cell,7,optimizer_195,Optimizer,post,,,0,0,0,0.001,48.44
cell,7,optimizer_196,Optimizer,post,,,0,0,0,0.001,48.44
cell,7,optimizer_197,Optimizer,post,,,0,0,0,0.001,48.44
cell,7,optimizer_198,Optimizer,post,,,0,0,0,0.001,48.44
cell,7,optimizer_199,Optimizer,post,,,0,0,0,0.001,48.44
cell,8,optimizer_0,Optimizer,post,,,0,0,0,0.001,48.48
cell,8,optimizer_1,Optimizer,post,,,0,0,0,0.001,48.48
cell,8,optimizer_2,Optimizer,post,,,0,0,0,0.002,48.48
cell,8,optimizer_3,Optimizer,post,,,0,0,0,0.001,48.48
cell,8,optimizer_4,Optimizer,post,,,0,0,0,0.001,48.48
cell,8,optimizer_5,Optimizer,post,,,0,0,0,0.001,48.48
cell,8,optimizer_6,Optimizer,post,,,0,0,0,0.001,48.48
cell,8,optimizer_7,Optimizer,post,,,0,0,0,0.001,48.48
cell,8,optimizer_8,Optimizer,post,,,0,0,0,0.001,48.48
cell,8,optimizer_9,Optimizer,post,,,0,0,0,0.001,48.48
cell,8,optimizer_10,Optimizer,post,,,0,0,0,0.001,48.48
cell,8,optimizer_11,Optimizer,post,,,0,0,0,0.001,48.48
cell,8,optimizer_12,Optimizer,post,,,0,0,0,0.009,48.48
cell,8,optimizer_13,Optimizer,post,,,0,0,0,0.009,48.48
cell,8,optimizer_14,Optimizer,post,,,0,0,0,0.009,48.48
cell,8,optimizer_15,Optimizer,post,,,0,0,0,0.001,48.48
cell,8,optimizer_16,Optimizer,post,,,0,0,0,0.001,48.48
cell,8,optimizer_17,Optimizer,post,,,0,0,0,0.002,48.48
cell,8,optimizer_18,Optimizer,post,,,0,0,0,0.001,48.48
cell,8,optimizer_19,Optimizer,post,,,0,0,0,0.001,48.48
cell,8,optimizer_20,Optimizer,post,,,0,0,0,0.001,48.48
cell,8,optimizer_21,Optimizer,post,,,0,0,0,0.001,48.48
cell,8,optimizer_22,Optimizer,post,,,0,0,0,0.001,48.48
cell,8,optimizer_23,Optimizer,post,,,0,0,0,0.001,48.48
cell,8,optimizer_24,Optimizer,post,,,0,0,0,0.001,48.48
cell,8,optimizer_25,Optimizer,post,,,0,0,0,0.001,48.48
cell,8,optimizer_26,Optimizer,post,,,0,0,0,0.001,48.48
cell,8,optimizer_27,Optimizer,post,,,0,0,0,0.001,48.48
cell,8,optimizer_28,Optimizer,post,,,0,0,0,0.001,48.48
cell,8,optimizer_29,Optimizer,post,,,0,0,0,0.001,48.48
cell,8,optimizer_30,Optimizer,post,,,0,0,0,0.001,48.48
cell,8,optimizer_31,Optimizer,post,,,0,0,0,0.001,48.48
cell,8,optimizer_32,Optimizer,post,,,0,0,0,0.001,48.48
cell,8,optimizer_33,Optimizer,post,,,0,0,0,0.001,48.48
cell,8,optimizer_34,Optimizer,post,,,0,0,0,0.001,48.48
cell,8,optimizer_35,Optimizer,post,,,0,0,0,0.001,48.48
cell,8,optimizer_36,Optimizer,post,,,0,0,0,0.001,48.48
cell,8,optimizer_37,Optimizer,post,,,0,0,0,0.001,48.48
cell,8,optimizer_38,Optimizer,post,,,0,0,0,0.001,48.48
cell,8,optimizer_39,Optimizer,post,,,0,0,0,0.001,48.48
cell,8,optimizer_40,Optimizer,post,,,0,0,0,0.001,48.48
cell,8,optimizer_41,Optimizer,post,,,0,0,0,0.001,48.48
cell,8,optimizer_42,Optimizer,post,,,0,0,0,0.001,48.48
cell,8,optimizer_43,Optimizer,post,,,0,0,0,0.001,48.48
cell,8,optimizer_44,Optimizer,post,,,0,0,0,0.001,48.48
cell,8,optimizer_45,Optimizer,post,,,0,0,0,0.001,48.48
cell,8,optimizer_46,Optimizer,post,,,0,0,0,0.009,48.48
cell,8,optimizer_47,Optimizer,post,,,0,0,0,0.001,48.48
cell,8,optimizer_48,Optimizer,post,,,0,0,0,0.001,48.48
cell,8,optimizer_49,Optimizer,post,,,0,0,0,0.001,48.48
cell,8,optimizer_50,Optimizer,post,,,0,0,0,0.001,48.48
cell,8,optimizer_51,Optimizer,post,,,0,0,0,0.001,48.48
cell,8,optimizer_52,Optimizer,post,,,0,0,0,0.001,48.48
cell,8,optimizer_53,Optimizer,post,,,0,0,0,0.001,48.48
cell,8,optimizer_54,Optimizer,post,,,0,0,0,0.002,48.48
cell,8,optimizer_55,Optimizer,post,,,0,0,0,0.001,48.48
cell,8,optimizer_56,Optimizer,post,,,0,0,0,0.001,48.48
cell,8,optimizer_57,Optimizer,post,,,0,0,0,0.001,48.48
cell,8,optimizer_58,Optimizer,post,,,0,0,0,0.001,48.48
cell,8,optimizer_59,Optimizer,post,,,0,0,0,0.009,48.48
cell,8,optimizer_60,Optimizer,post,,,0,0,0,0.001,48.48
cell,8,optimizer_61,Optimizer,post,,,0,0,0,0.001,48.48
cell,8,optimizer_62,Optimizer,post,,,0,0,0,0.001,48.48
cell,8,optimizer_63,Optimizer,post,,,0,0,0,0.001,48.48
cell,8,optimizer_64,Optimizer,post,,,0,0,0,0.002,48.48
cell,8,optimizer_65,Optimizer,post,,,0,0,0,0.001,48.48
cell,8,optimizer_66,Optimizer,post,,,0,0,0,0.001,48.48
cell,8,optimizer_67,Optimizer,post,,,0,0,0,0.001,48.48
cell,8,optimizer_68,Optimizer,post,,,0,0,0,0.001,48.48
cell,8,optimizer_69,Optimizer,post,,,0,0,0,0.001,48.48
cell,8,optimizer_70,Optimizer,post,,,0,0,0,0.001,48.48
cell,8,optimizer_71,Optimizer,post,,,0,0,0,0.001,48.48
cell,8,optimizer_72,Optimizer,post,,,0,0,0,0.001,48.48
cell,8,optimizer_73,Optimizer,post,,,0,0,0,0.001,48.48
cell,8,optimizer_74,Optimizer,post,,,0,0,0,0.001,48.48
cell,8,optimizer_75,Optimizer,post,,,0,0,0,0.001,48.48
cell,8,optimizer_76,Optimizer,post,,,0,0,0,0.001,48.48
cell,8,optimizer_77,Optimizer,post,,,0,0,0,0.001,48.48
cell,8,optimizer_78,Optimizer,post,,,0,0,0,0.001,48.48
cell,8,optimizer_79,Optimizer,post,,,0,0,0,0.001,48.48
cell,8,optimizer_80,Optimizer,post,,,0,0,0,0.001,48.48
cell,8,optimizer_81,Optimizer,post,,,0,0,0,0.009,48.48
cell,8,optimizer_82,Optimizer,post,,,0,0,0,0.001,48.48
cell,8,optimizer_83,Optimizer,post,,,0,0,0,0.001,48.48
cell,8,optimizer_84,Optimizer,post,,,0,0,0,0.001,48.48
cell,8,optimizer_85,Optimizer,post,,,0,0,0,0.001,48.48
cell,8,optimizer_86,Optimizer,post,,,0,0,0,0.001,48.48
cell,8,optimizer_87,Optimizer,post,,,0,0,0,0.001,48.48
cell,8,optimizer_88,Optimizer,post,,,0,0,0,0.001,48.48
cell,8,optimizer_89,Optimizer,post,,,0,0,0,0.001,48.48
cell,8,optimizer_90,Optimizer,post,,,0,0,0,0.001,48.48
cell,8,optimizer_91,Optimizer,post,,,0,0,0,0.001,48.48
cell,8,optimizer_92,Optimizer,post,,,0,0,0,0.001,48.48
cell,8,optimizer_93,Optimizer,post,,,0,0,0,0.001,48.48
cell,8,optimizer_94,Optimizer,post,,,0,0,0,0.001,48.48
cell,8,optimizer_95,Optimizer,post,,,0,0,0,0.001,48.48
cell,8,optimizer_96,Optimizer,post,,,0,0,0,0.001,48.48
cell,8,optimizer_97,Optimizer,post,,,0,0,0,0.001,48.48
cell,8,optimizer_98,Optimizer,post,,,0,0,0,0.009,48.48
cell,8,optimizer_99,Optimizer,post,,,0,0,0,0.001,48.48
cell,8,optimizer_100,Optimizer,post,,,0,0,0,0.001,48.48
cell,8,optimizer_101,Optimizer,post,,,0,0,0,0.001,48.48
cell,8,optimizer_102,Optimizer,post,,,0,0,0,0.001,48.48
cell,8,optimizer_103,Optimizer,post,,,0,0,0,0.001,48.48
cell,8,optimizer_104,Optimizer,post,,,0,0,0,0.002,48.48
cell,8,optimizer_105,Optimizer,post,,,0,0,0,0.001,48.48
cell,8,optimizer_106,Optimizer,post,,,0,0,0,0.001,48.48
cell,8,optimizer_107,Optimizer,post,,,0,0,0,0.001,48.48
cell,8,optimizer_108,Optimizer,post,,,0,0,0,0.001,48.48
cell,8,optimizer_109,Optimizer,post,,,0,0,0,0.001,48.48
cell,8,optimizer_110,Optimizer,post,,,0,0,0,0.001,48.48
cell,8,optimizer_111,Optimizer,post,,,0,0,0,0.001,48.48
cell,8,optimizer_112,Optimizer,post,,,0,0,0,0.009,48.48
cell,8,optimizer_113,Optimizer,post,,,0,0,0,0.001,48.48
cell,8,optimizer_114,Optimizer,post,,,0,0,0,0.001,48.48
cell,8,optimizer_115,Optimizer,post,,,0,0,0,0.001,48.48
cell,8,optimizer_116,Optimizer,post,,,0,0,0,0.001,48.48
cell,8,optimizer_117,Optimizer,post,,,0,0,0,0.001,48.48
cell,8,optimizer_118,Optimizer,post,,,0,0,0,0.001,48.48
cell,8,optimizer_119,Optimizer,post,,,0,0,0,0.001,48.48
cell,8,optimizer_120,Optimizer,post,,,0,0,0,0.001,48.48
cell,8,optimizer_121,Optimizer,post,,,0,0,0,0.001,48.48
cell,8,optimizer_122,Optimizer,post,,,0,0,0,0.001,48.48
cell,8,optimizer_123,Optimizer,post,,,0,0,0,0.001,48.48
cell,8,optimizer_124,Optimizer,post,,,0,0,0,0.001,48.48
cell,8,optimizer_125,Optimizer,post,,,0,0,0,0.001,48.48
cell,8,optimizer_126,Optimizer,post,,,0,0,0,0.001,48.48
cell,8,optimizer_127,Optimizer,post,,,0,0,0,0.001,48.48
cell,8,optimizer_128,Optimizer,post,,,0,0,0,0.002,48.48
cell,8,optimizer_129,Optimizer,post,,,0,0,0,0.001,48.48
cell,8,optimizer_130,Optimizer,post,,,0,0,0,0.001,48.48
cell,8,optimizer_131,Optimizer,post,,,0,0,0,0.001,48.48
cell,8,optimizer_132,Optimizer,post,,,0,0,0,0.001,48.48
cell,8,optimizer_133,Optimizer,post,,,0,0,0,0.001,48.48
cell,8,optimizer_134,Optimizer,post,,,0,0,0,0.001,48.48
cell,8,optimizer_135,Optimizer,post,,,0,0,0,0.001,48.48
cell,8,optimizer_136,Optimizer,post,,,0,0,0,0.001,48.48
cell,8,optimizer_137,Optimizer,post,,,0,0,0,0.001,48.48
cell,8,optimizer_138,Optimizer,post,,,0,0,0,0.001,48.48
cell,8,optimizer_139,Optimizer,post,,,0,0,0,0.001,48.48
cell,8,optimizer_140,Optimizer,post,,,0,0,0,0.001,48.48
cell,8,optimizer_141,Optimizer,post,,,0,0,0,0.001,48.48
cell,8,optimizer_142,Optimizer,post,,,0,0,0,0.001,48.48
cell,8,optimizer_143,Optimizer,post,,,0,0,0,0.001,48.48
cell,8,optimizer_144,Optimizer,post,,,0,0,0,0.001,48.48
cell,8,optimizer_145,Optimizer,post,,,0,0,0,0.001,48.48
cell,8,optimizer_146,Optimizer,post,,,0,0,0,0.001,48.48
cell,8,optimizer_147,Optimizer,post,,,0,0,0,0.001,48.48
cell,8,optimizer_148,Optimizer,post,,,0,0,0,0.001,48.48
cell,8,optimizer_149,Optimizer,post,,,0,0,0,0.001,48.48
cell,8,optimizer_150,Optimizer,post,,,0,0,0,0.001,48.48
cell,8,optimizer_151,Optimizer,post,,,0,0,0,0.002,48.48
cell,8,optimizer_152,Optimizer,post,,,0,0,0,0.001,48.48
cell,8,optimizer_153,Optimizer,post,,,0,0,0,0.001,48.48
cell,8,optimizer_154,Optimizer,post,,,0,0,0,0.001,48.48
cell,8,optimizer_155,Optimizer,post,,,0,0,0,0.001,48.48
cell,8,optimizer_156,Optimizer,post,,,0,0,0,0.001,48.48
cell,8,optimizer_157,Optimizer,post,,,0,0,0,0.001,48.48
cell,8,optimizer_158,Optimizer,post,,,0,0,0,0.001,48.48
cell,8,optimizer_159,Optimizer,post,,,0,0,0,0.002,48.48
cell,8,optimizer_160,Optimizer,post,,,0,0,0,0.001,48.48
cell,8,optimizer_161,Optimizer,post,,,0,0,0,0.001,48.48
cell,8,optimizer_162,Optimizer,post,,,0,0,0,0.001,48.48
cell,8,optimizer_163,Optimizer,post,,,0,0,0,0.001,48.48
cell,8,optimizer_164,Optimizer,post,,,0,0,0,0.001,48.48
cell,8,optimizer_165,Optimizer,post,,,0,0,0,0.001,48.48
cell,8,optimizer_166,Optimizer,post,,,0,0,0,0.001,48.48
cell,8,optimizer_167,Optimizer,post,,,0,0,0,0.002,48.48
cell,8,optimizer_168,Optimizer,post,,,0,0,0,0.001,48.48
