run_id,t,agent_id,agent_type,action_type,price_cperkwh,qty_kwh,offers_seen,solver_calls,learners_steps,wall_ms,mem_mb
cell,0,satisficer_0,Satisficer,post,,,0,0,0,0.003,37.14
cell,0,satisficer_1,Satisficer,post,,,0,0,0,0.001,37.14
cell,0,satisficer_2,Satisficer,post,,,0,0,0,0.001,37.14
cell,0,satisficer_3,Satisficer,post,,,0,0,0,0.001,37.14
cell,0,satisficer_4,Satisficer,post,,,0,0,0,0.001,37.14
cell,0,satisficer_5,Satisficer,post,,,0,0,0,0.001,37.14
cell,0,satisficer_6,Satisficer,post,,,0,0,0,0.001,37.14
cell,0,satisficer_7,Satisficer,post,,,0,0,0,0.001,37.14
cell,0,satisficer_8,Satisficer,post,,,0,0,0,0.001,37.14
cell,0,satisficer_9,Satisficer,post,,,0,0,0,0.001,37.14
cell,0,satisficer_10,Satisficer,post,,,0,0,0,0.001,37.14
cell,0,satisficer_11,Satisficer,post,,,0,0,0,0.001,37.14
cell,0,satisficer_12,Satisficer,post,,,0,0,0,0.001,37.14
cell,0,satisficer_13,Satisficer,post,,,0,0,0,0.001,37.14
cell,0,satisficer_14,Satisficer,post,,,0,0,0,0.001,37.14
cell,0,satisficer_15,Satisficer,post,,,0,0,0,0.001,37.14
cell,0,satisficer_16,Satisficer,post,,,0,0,0,0.001,37.14
cell,0,satisficer_17,Satisficer,post,,,0,0,0,0.001,37.14
cell,0,satisficer_18,Satisficer,post,,,0,0,0,0.001,37.14
cell,0,satisficer_19,Satisficer,post,,,0,0,0,0.001,37.14
cell,0,satisficer_20,Satisficer,post,,,0,0,0,0.001,37.14
cell,0,satisficer_21,Satisficer,post,,,0,0,0,0.001,37.14
cell,0,satisficer_22,Satisficer,post,,,0,0,0,0.237,37.14
cell,0,satisficer_23,Satisficer,post,,,0,0,0,0.001,37.14
cell,0,satisficer_24,Satisficer,post,,,0,0,0,0.001,37.14
cell,0,satisficer_25,Satisficer,post,,,0,0,0,0.001,37.14
cell,0,satisficer_26,Satisficer,post,,,0,0,0,0.001,37.14
cell,0,satisficer_27,Satisficer,post,,,0,0,0,0.001,37.14
cell,0,satisficer_28,Satisficer,post,,,0,0,0,0.001,37.14
cell,0,satisficer_29,Satisficer,post,,,0,0,0,0.001,37.14
cell,0,satisficer_30,Satisficer,post,,,0,0,0,0.001,37.14
cell,0,satisficer_31,Satisficer,post,,,0,0,0,0.001,37.14
cell,0,satisficer_32,Satisficer,post,,,0,0,0,0.001,37.14
cell,0,satisficer_33,Satisficer,post,,,0,0,0,0.001,37.14
cell,0,satisficer_34,Satisficer,post,,,0,0,0,0.001,37.14
cell,0,satisficer_35,Satisficer,post,,,0,0,0,0.001,37.14
cell,0,satisficer_36,Satisficer,post,,,0,0,0,0.001,37.14
cell,0,satisficer_37,Satisficer,post,,,0,0,0,0.001,37.14
cell,0,satisficer_38,Satisficer,post,,,0,0,0,0.001,37.14
cell,0,satisficer_39,Satisficer,post,,,0,0,0,0.001,37.14
cell,0,satisficer_40,Satisficer,post,,,0,0,0,0.001,37.14
cell,0,satisficer_41,Satisficer,post,,,0,0,0,0.001,37.14
cell,0,satisficer_42,Satisficer,post,,,0,0,0,0.001,37.14
cell,0,satisficer_43,Satisficer,post,,,0,0,0,0.001,37.14
cell,0,satisficer_44,Satisficer,post,,,0,0,0,0.001,37.14
cell,0,satisficer_45,Satisficer,post,,,0,0,0,0.001,37.14
cell,0,satisficer_46,Satisficer,post,,,0,0,0,0.001,37.14
cell,0,satisficer_47,Satisficer,post,,,0,0,0,0.001,37.14
cell,0,satisficer_48,Satisficer,post,,,0,0,0,0.001,37.14
cell,0,satisficer_49,Satisficer,post,,,0,0,0,0.001,37.14
cell,0,satisficer_50,Satisficer,post,,,0,0,0,0.001,37.14
cell,0,satisficer_51,Satisficer,post,,,0,0,0,0.001,37.14
cell,0,satisficer_52,Satisficer,post,,,0,0,0,0.001,37.14
cell,0,satisficer_53,Satisficer,post,,,0,0,0,0.001,37.14
cell,0,satisficer_54,Satisficer,post,,,0,0,0,0.001,37.14
cell,0,satisficer_55,Satisficer,post,,,0,0,0,0.001,37.14
cell,0,satisficer_56,Satisficer,post,,,0,0,0,0.001,37.14
cell,0,satisficer_57,Satisficer,post,,,0,0,0,0.001,37.14
cell,0,satisficer_58,Satisficer,post,,,0,0,0,0.001,37.14
cell,0,satisficer_59,Satisficer,post,,,0,0,0,0.001,37.14
cell,0,satisficer_60,Satisficer,post,,,0,0,0,0.001,37.14
cell,0,satisficer_61,Satisficer,post,,,0,0,0,0.001,37.14
cell,0,satisficer_62,Satisficer,post,,,0,0,0,0.001,37.14
cell,0,satisficer_63,Satisficer,post,,,0,0,0,0.001,37.14
cell,0,satisficer_64,Satisficer,post,,,0,0,0,0.001,37.14
cell,0,satisficer_65,Satisficer,post,,,0,0,0,0.001,37.14
cell,0,satisficer_66,Satisficer,post,,,0,0,0,0.001,37.14
cell,0,satisficer_67,Satisficer,post,,,0,0,0,0.001,37.14
cell,0,satisficer_68,Satisficer,post,,,0,0,0,0.001,37.14
cell,0,satisficer_69,Satisficer,post,,,0,0,0,0.001,37.14
cell,0,satisficer_70,Satisficer,post,,,0,0,0,0.001,37.14
cell,0,satisficer_71,Satisficer,post,,,0,0,0,0.001,37.14
cell,0,satisficer_72,Satisficer,post,,,0,0,0,0.001,37.14
cell,0,satisficer_73,Satisficer,post,,,0,0,0,0.001,37.14
cell,0,satisficer_74,Satisficer,post,,,0,0,0,0.001,37.14
cell,0,satisficer_75,Satisficer,post,,,0,0,0,0.001,37.14
cell,0,satisficer_76,Satisficer,post,,,0,0,0,0.001,37.14
cell,0,satisficer_77,Satisficer,post,,,0,0,0,0.001,37.14
cell,0,satisficer_78,Satisficer,post,,,0,0,0,0.001,37.14
cell,0,satisficer_79,Satisficer,post,,,0,0,0,0.001,37.14
cell,0,satisficer_80,Satisficer,post,,,0,0,0,0.001,37.14
cell,0,satisficer_81,Satisficer,post,,,0,0,0,0.001,37.14
cell,0,satisficer_82,Satisficer,post,,,0,0,0,0.001,37.14
cell,0,satisficer_83,Satisficer,post,,,0,0,0,0.001,37.14
cell,0,satisficer_84,Satisficer,post,,,0,0,0,0.001,37.14
cell,0,satisficer_85,Satisficer,post,,,0,0,0,0.001,37.14
cell,0,satisficer_86,Satisficer,post,,,0,0,0,0.001,37.14
cell,0,satisficer_87,Satisficer,post,,,0,0,0,0.001,37.14
cell,0,satisficer_88,Satisficer,post,,,0,0,0,0.001,37.14
cell,0,satisficer_89,Satisficer,post,,,0,0,0,0.001,37.14
cell,0,satisficer_90,Satisficer,post,,,0,0,0,0.001,37.14
cell,0,satisficer_91,Satisficer,post,,,0,0,0,0.001,37.14
cell,0,satisficer_92,Satisficer,post,,,0,0,0,0.001,37.14
cell,0,satisficer_93,Satisficer,post,,,0,0,0,0.001,37.14
cell,0,satisficer_94,Satisficer,post,,,0,0,0,0.001,37.14
cell,0,satisficer_95,Satisficer,post,,,0,0,0,0.001,37.14
cell,0,satisficer_96,Satisficer,post,,,0,0,0,0.001,37.14
cell,0,satisficer_97,Satisficer,post,,,0,0,0,0.001,37.14
cell,0,satisficer_98,Satisficer,post,,,0,0,0,0.001,37.14
cell,0,satisficer_99,Satisficer,post,,,0,0,0,0.001,37.14
cell,1,satisficer_0,Satisficer,post,,,0,0,0,0.001,37.14
cell,1,satisficer_1,Satisficer,post,,,0,0,0,0.001,37.14
cell,1,satisficer_2,Satisficer,post,,,0,0,0,0.001,37.14
cell,1,satisficer_3,Satisficer,post,,,0,0,0,0.001,37.14
cell,1,satisficer_4,Satisficer,post,,,0,0,0,0.001,37.14
cell,1,satisficer_5,Satisficer,post,,,0,0,0,0.001,37.14
cell,1,satisficer_6,Satisficer,post,,,0,0,0,0.001,37.14
cell,1,satisficer_7,Satisficer,post,,,0,0,0,0.001,37.14
cell,1,satisficer_8,Satisficer,post,,,0,0,0,0.001,37.14
cell,1,satisficer_9,Satisficer,post,,,0,0,0,0.001,37.14
cell,1,satisficer_10,Satisficer,post,,,0,0,0,0.001,37.14
cell,1,satisficer_11,Satisficer,post,,,0,0,0,0.001,37.14
cell,1,satisficer_12,Satisficer,post,,,0,0,0,0.001,37.14
cell,1,satisficer_13,Satisficer,post,,,0,0,0,0.001,37.14
cell,1,satisficer_14,Satisficer,post,,,0,0,0,0.001,37.14
cell,1,satisficer_15,Satisficer,post,,,0,0,0,0.001,37.14
cell,1,satisficer_16,Satisficer,post,,,0,0,0,0.001,37.14
cell,1,satisficer_17,Satisficer,post,,,0,0,0,0.001,37.14
cell,1,satisficer_18,Satisficer,post,,,0,0,0,0.001,37.14
cell,1,satisficer_19,Satisficer,post,,,0,0,0,0.001,37.14
cell,1,satisficer_20,Satisficer,post,,,0,0,0,0.001,37.14
cell,1,satisficer_21,Satisficer,post,,,0,0,0,0.001,37.14
cell,1,satisficer_22,Satisficer,post,,,0,0,0,0.001,37.14
cell,1,satisficer_23,Satisficer,post,,,0,0,0,0.001,37.14
cell,1,satisficer_24,Satisficer,post,,,0,0,0,0.001,37.14
cell,1,satisficer_25,Satisficer,post,,,0,0,0,0.001,37.14
cell,1,satisficer_26,Satisficer,post,,,0,0,0,0.001,37.14
cell,1,satisficer_27,Satisficer,post,,,0,0,0,0.001,37.14
cell,1,satisficer_28,Satisficer,post,,,0,0,0,0.001,37.14
cell,1,satisficer_29,Satisficer,post,,,0,0,0,0.001,37.14
cell,1,satisficer_30,Satisficer,post,,,0,0,0,0.001,37.14
cell,1,satisficer_31,Satisficer,post,,,0,0,0,0.001,37.14
cell,1,satisficer_32,Satisficer,post,,,0,0,0,0.001,37.14
cell,1,satisficer_33,Satisficer,post,,,0,0,0,0.001,37.14
cell,1,satisficer_34,Satisficer,post,,,0,0,0,0.001,37.14
cell,1,satisficer_35,Satisficer,post,,,0,0,0,0.001,37.14
cell,1,satisficer_36,Satisficer,post,,,0,0,0,0.001,37.14
cell,1,satisficer_37,Satisficer,post,,,0,0,0,0.001,37.14
cell,1,satisficer_38,Satisficer,post,,,0,0,0,0.001,37.14
cell,1,satisficer_39,Satisficer,post,,,0,0,0,0.001,37.14
cell,1,satisficer_40,Satisficer,post,,,0,0,0,0.001,37.14
cell,1,satisficer_41,Satisficer,post,,,0,0,0,0.001,37.14
cell,1,satisficer_42,Satisficer,post,,,0,0,0,0.001,37.14
cell,1,satisficer_43,Satisficer,post,,,0,0,0,0.001,37.14
cell,1,satisficer_44,Satisficer,post,,,0,0,0,0.001,37.14
cell,1,satisficer_45,Satisficer,post,,,0,0,0,0.001,37.14
cell,1,satisficer_46,Satisficer,post,,,0,0,0,0.001,37.14
cell,1,satisficer_47,Satisficer,post,,,0,0,0,0.001,37.14
cell,1,satisficer_48,Satisficer,post,,,0,0,0,0.001,37.14
cell,1,satisficer_49,Satisficer,post,,,0,0,0,0.001,37.14
cell,1,satisficer_50,Satisficer,post,,,0,0,0,0.001,37.14
cell,1,satisficer_51,Satisficer,post,,,0,0,0,0.001,37.14
cell,1,satisficer_52,Satisficer,post,,,0,0,0,0.001,37.14
cell,1,satisficer_53,Satisficer,post,,,0,0,0,0.001,37.14
cell,1,satisficer_54,Satisficer,post,,,0,0,0,0.001,37.14
cell,1,satisficer_55,Satisficer,post,,,0,0,0,0.001,37.14
cell,1,satisficer_56,Satisficer,post,,,0,0,0,0.001,37.14
cell,1,satisficer_57,Satisficer,post,,,0,0,0,0.001,37.14
cell,1,satisficer_58,Satisficer,post,,,0,0,0,0.001,37.14
cell,1,satisficer_59,Satisficer,post,,,0,0,0,0.001,37.14
cell,1,satisficer_60,Satisficer,post,,,0,0,0,0.001,37.14
cell,1,satisficer_61,Satisficer,post,,,0,0,0,0.001,37.14
cell,1,satisficer_62,Satisficer,post,,,0,0,0,0.001,37.14
cell,1,satisficer_63,Satisficer,post,,,0,0,0,0.001,37.14
cell,1,satisficer_64,Satisficer,post,,,0,0,0,0.001,37.14
cell,1,satisficer_65,Satisficer,post,,,0,0,0,0.001,37.14
cell,1,satisficer_66,Satisficer,post,,,0,0,0,0.001,37.14
cell,1,satisficer_67,Satisficer,post,,,0,0,0,0.001,37.14
cell,1,satisficer_68,Satisficer,post,,,0,0,0,0.001,37.14
cell,1,satisficer_69,Satisficer,post,,,0,0,0,0.001,37.14
cell,1,satisficer_70,Satisficer,post,,,0,0,0,0.001,37.14
cell,1,satisficer_71,Satisficer,post,,,0,0,0,0.001,37.14
cell,1,satisficer_72,Satisficer,post,,,0,0,0,0.001,37.14
cell,1,satisficer_73,Satisficer,post,,,0,0,0,0.001,37.14
cell,1,satisficer_74,Satisficer,post,,,0,0,0,0.001,37.14
cell,1,satisficer_75,Satisficer,post,,,0,0,0,0.001,37.14
cell,1,satisficer_76,Satisficer,post,,,0,0,0,0.001,37.14
cell,1,satisficer_77,Satisficer,post,,,0,0,0,0.001,37.14
cell,1,satisficer_78,Satisficer,post,,,0,0,0,0.001,37.14
cell,1,satisficer_79,Satisficer,post,,,0,0,0,0.001,37.14
cell,1,satisficer_80,Satisficer,post,,,0,0,0,0.001,37.14
cell,1,satisficer_81,Satisficer,post,,,0,0,0,0.001,37.14
cell,1,satisficer_82,Satisficer,post,,,0,0,0,0.001,37.14
cell,1,satisficer_83,Satisficer,post,,,0,0,0,0.001,37.14
cell,1,satisficer_84,Satisficer,post,,,0,0,0,0.001,37.14
cell,1,satisficer_85,Satisficer,post,,,0,0,0,0.001,37.14
cell,1,satisficer_86,Satisficer,post,,,0,0,0,0.001,37.14
cell,1,satisficer_87,Satisficer,post,,,0,0,0,0.001,37.14
cell,1,satisficer_88,Satisficer,post,,,0,0,0,0.001,37.14
cell,1,satisficer_89,Satisficer,post,,,0,0,0,0.001,37.14
cell,1,satisficer_90,Satisficer,post,,,0,0,0,0.001,37.14
cell,1,satisficer_91,Satisficer,post,,,0,0,0,0.001,37.14
cell,1,satisficer_92,Satisficer,post,,,0,0,0,0.001,37.14
cell,1,satisficer_93,Satisficer,post,,,0,0,0,0.001,37.14
cell,1,satisficer_94,Satisficer,post,,,0,0,0,0.001,37.14
cell,1,satisficer_95,Satisficer,post,,,0,0,0,0.001,37.14
cell,1,satisficer_96,Satisficer,post,,,0,0,0,0.001,37.14
cell,1,satisficer_97,Satisficer,post,,,0,0,0,0.001,37.14
cell,1,satisficer_98,Satisficer,post,,,0,0,0,0.001,37.14
cell,1,satisficer_99,Satisficer,post,,,0,0,0,0.001,37.14
cell,2,satisficer_0,Satisficer,post,,,0,0,0,0.001,37.14
cell,2,satisficer_1,Satisficer,post,,,0,0,0,0.001,37.14
cell,2,satisficer_2,Satisficer,post,,,0,0,0,0.001,37.14
cell,2,satisficer_3,Satisficer,post,,,0,0,0,0.001,37.14
cell,2,satisficer_4,Satisficer,post,,,0,0,0,0.001,37.14
cell,2,satisficer_5,Satisficer,post,,,0,0,0,0.001,37.14
cell,2,satisficer_6,Satisficer,post,,,0,0,0,0.001,37.14
cell,2,satisficer_7,Satisficer,post,,,0,0,0,0.001,37.14
cell,2,satisficer_8,Satisficer,post,,,0,0,0,0.001,37.14
cell,2,satisficer_9,Satisficer,post,,,0,0,0,0.001,37.14
cell,2,satisficer_10,Satisficer,post,,,0,0,0,0.001,37.14
cell,2,satisficer_11,Satisficer,post,,,0,0,0,0.001,37.14
cell,2,satisficer_12,Satisficer,post,,,0,0,0,0.001,37.14
cell,2,satisficer_13,Satisficer,post,,,0,0,0,0.001,37.14
cell,2,satisficer_14,Satisficer,post,,,0,0,0,0.001,37.14
cell,2,satisficer_15,Satisficer,post,,,0,0,0,0.001,37.14
cell,2,satisficer_16,Satisficer,post,,,0,0,0,0.001,37.14
cell,2,satisficer_17,Satisficer,post,,,0,0,0,0.001,37.14
cell,2,satisficer_18,Satisficer,post,,,0,0,0,0.001,37.14
cell,2,satisficer_19,Satisficer,post,,,0,0,0,0.001,37.14
cell,2,satisficer_20,Satisficer,post,,,0,0,0,0.001,37.14
cell,2,satisficer_21,Satisficer,post,,,0,0,0,0.001,37.14
cell,2,satisficer_22,Satisficer,post,,,0,0,0,0.001,37.14
cell,2,satisficer_23,Satisficer,post,,,0,0,0,0.001,37.14
cell,2,satisficer_24,Satisficer,post,,,0,0,0,0.001,37.14
cell,2,satisficer_25,Satisficer,post,,,0,0,0,0.001,37.14
cell,2,satisficer_26,Satisficer,post,,,0,0,0,0.001,37.14
cell,2,satisficer_27,Satisficer,post,,,0,0,0,0.001,37.14
cell,2,satisficer_28,Satisficer,post,,,0,0,0,0.001,37.14
cell,2,satisficer_29,Satisficer,post,,,0,0,0,0.001,37.14
cell,2,satisficer_30,Satisficer,post,,,0,0,0,0.001,37.14
cell,2,satisficer_31,Satisficer,post,,,0,0,0,0.001,37.14
cell,2,satisficer_32,Satisficer,post,,,0,0,0,0.001,37.14
cell,2,satisficer_33,Satisficer,post,,,0,0,0,0.001,37.14
cell,2,satisficer_34,Satisficer,post,,,0,0,0,0.001,37.14
cell,2,satisficer_35,Satisficer,post,,,0,0,0,0.001,37.14
cell,2,satisficer_36,Satisficer,post,,,0,0,0,0.001,37.14
cell,2,satisficer_37,Satisficer,post,,,0,0,0,0.001,37.14
cell,2,satisficer_38,Satisficer,post,,,0,0,0,0.001,37.14
cell,2,satisficer_39,Satisficer,post,,,0,0,0,0.001,37.14
cell,2,satisficer_40,Satisficer,post,,,0,0,0,0.001,37.14
cell,2,satisficer_41,Satisficer,post,,,0,0,0,0.001,37.14
cell,2,satisficer_42,Satisficer,post,,,0,0,0,0.001,37.14
cell,2,satisficer_43,Satisficer,post,,,0,0,0,0.001,37.14
cell,2,satisficer_44,Satisficer,post,,,0,0,0,0.001,37.14
cell,2,satisficer_45,Satisficer,post,,,0,0,0,0.001,37.14
cell,2,satisficer_46,Satisficer,post,,,0,0,0,0.001,37.14
cell,2,satisficer_47,Satisficer,post,,,0,0,0,0.001,37.14
cell,2,satisficer_48,Satisficer,post,,,0,0,0,0.001,37.14
cell,2,satisficer_49,Satisficer,post,,,0,0,0,0.001,37.14
cell,2,satisficer_50,Satisficer,post,,,0,0,0,0.001,37.14
cell,2,satisficer_51,Satisficer,post,,,0,0,0,0.001,37.14
cell,2,satisficer_52,Satisficer,post,,,0,0,0,0.001,37.14
cell,2,satisficer_53,Satisficer,post,,,0,0,0,0.001,37.14
cell,2,satisficer_54,Satisficer,post,,,0,0,0,0.001,37.14
cell,2,satisficer_55,Satisficer,post,,,0,0,0,0.001,37.14
cell,2,satisficer_56,Satisficer,post,,,0,0,0,0.001,37.14
cell,2,satisficer_57,Satisficer,post,,,0,0,0,0.001,37.14
cell,2,satisficer_58,Satisficer,post,,,0,0,0,0.001,37.14
cell,2,satisficer_59,Satisficer,post,,,0,0,0,0.029,37.14
cell,2,satisficer_60,Satisficer,post,,,0,0,0,0.001,37.14
cell,2,satisficer_61,Satisficer,post,,,0,0,0,0.001,37.14
cell,2,satisficer_62,Satisficer,post,,,0,0,0,0.001,37.14
cell,2,satisficer_63,Satisficer,post,,,0,0,0,0.001,37.14
cell,2,satisficer_64,Satisficer,post,,,0,0,0,0.001,37.14
cell,2,satisficer_65,Satisficer,post,,,0,0,0,0.001,37.14
cell,2,satisficer_66,Satisficer,post,,,0,0,0,0.001,37.14
cell,2,satisficer_67,Satisficer,post,,,0,0,0,0.001,37.14
cell,2,satisficer_68,Satisficer,post,,,0,0,0,0.001,37.14
cell,2,satisficer_69,Satisficer,post,,,0,0,0,0.001,37.14
cell,2,satisficer_70,Satisficer,post,,,0,0,0,0.001,37.14
cell,2,satisficer_71,Satisficer,post,,,0,0,0,0.001,37.14
cell,2,satisficer_72,Satisficer,post,,,0,0,0,0.001,37.14
cell,2,satisficer_73,Satisficer,post,,,0,0,0,0.001,37.14
cell,2,satisficer_74,Satisficer,post,,,0,0,0,0.001,37.14
cell,2,satisficer_75,Satisficer,post,,,0,0,0,0.001,37.14
cell,2,satisficer_76,Satisficer,post,,,0,0,0,0.001,37.14
cell,2,satisficer_77,Satisficer,post,,,0,0,0,0.001,37.14
cell,2,satisficer_78,Satisficer,post,,,0,0,0,0.001,37.14
cell,2,satisficer_79,Satisficer,post,,,0,0,0,0.001,37.14
cell,2,satisficer_80,Satisficer,post,,,0,0,0,0.001,37.14
cell,2,satisficer_81,Satisficer,post,,,0,0,0,0.001,37.14
cell,2,satisficer_82,Satisficer,post,,,0,0,0,0.001,37.14
cell,2,satisficer_83,Satisficer,post,,,0,0,0,0.001,37.14
cell,2,satisficer_84,Satisficer,post,,,0,0,0,0.001,37.14
cell,2,satisficer_85,Satisficer,post,,,0,0,0,0.001,37.14
cell,2,satisficer_86,Satisficer,post,,,0,0,0,0.001,37.14
cell,2,satisficer_87,Satisficer,post,,,0,0,0,0.001,37.14
cell,2,satisficer_88,Satisficer,post,,,0,0,0,0.001,37.14
cell,2,satisficer_89,Satisficer,post,,,0,0,0,0.001,37.14
cell,2,satisficer_90,Satisficer,post,,,0,0,0,0.001,37.14
cell,2,satisficer_91,Satisficer,post,,,0,0,0,0.001,37.14
cell,2,satisficer_92,Satisficer,post,,,0,0,0,0.001,37.14
cell,2,satisficer_93,Satisficer,post,,,0,0,0,0.001,37.14
cell,2,satisficer_94,Satisficer,post,,,0,0,0,0.001,37.14
cell,2,satisficer_95,Satisficer,post,,,0,0,0,0.001,37.14
cell,2,satisficer_96,Satisficer,post,,,0,0,0,0.001,37.14
cell,2,satisficer_97,Satisficer,post,,,0,0,0,0.001,37.14
cell,2,satisficer_98,Satisficer,post,,,0,0,0,0.001,37.14
cell,2,satisficer_99,Satisficer,post,,,0,0,0,0.001,37.14
cell,3,satisficer_0,Satisficer,post,,,0,0,0,0.001,37.14
cell,3,satisficer_1,Satisficer,post,,,0,0,0,0.001,37.14
cell,3,satisficer_2,Satisficer,post,,,0,0,0,0.001,37.14
cell,3,satisficer_3,Satisficer,post,,,0,0,0,0.001,37.14
cell,3,satisficer_4,Satisficer,post,,,0,0,0,0.001,37.14
cell,3,satisficer_5,Satisficer,post,,,0,0,0,0.001,37.14
cell,3,satisficer_6,Satisficer,post,,,0,0,0,0.001,37.14
cell,3,satisficer_7,Satisficer,post,,,0,0,0,0.001,37.14
cell,3,satisficer_8,Satisficer,post,,,0,0,0,0.001,37.14
cell,3,satisficer_9,Satisficer,post,,,0,0,0,0.001,37.14
cell,3,satisficer_10,Satisficer,post,,,0,0,0,0.001,37.14
cell,3,satisficer_11,Satisficer,post,,,0,0,0,0.001,37.14
cell,3,satisficer_12,Satisficer,post,,,0,0,0,0.001,37.14
cell,3,satisficer_13,Satisficer,post,,,0,0,0,0.001,37.14
cell,3,satisficer_14,Satisficer,post,,,0,0,0,0.001,37.14
cell,3,satisficer_15,Satisficer,post,,,0,0,0,0.001,37.14
cell,3,satisficer_16,Satisficer,post,,,0,0,0,0.001,37.14
cell,3,satisficer_17,Satisficer,post,,,0,0,0,0.001,37.14
cell,3,satisficer_18,Satisficer,post,,,0,0,0,0.001,37.14
cell,3,satisficer_19,Satisficer,post,,,0,0,0,0.001,37.14
cell,3,satisficer_20,Satisficer,post,,,0,0,0,0.001,37.14
cell,3,satisficer_21,Satisficer,post,,,0,0,0,0.001,37.14
cell,3,satisficer_22,Satisficer,post,,,0,0,0,0.001,37.14
cell,3,satisficer_23,Satisficer,post,,,0,0,0,0.001,37.14
cell,3,satisficer_24,Satisficer,post,,,0,0,0,0.001,37.14
cell,3,satisficer_25,Satisficer,post,,,0,0,0,0.001,37.14
cell,3,satisficer_26,Satisficer,post,,,0,0,0,0.001,37.14
cell,3,satisficer_27,Satisficer,post,,,0,0,0,0.001,37.14
cell,3,satisficer_28,Satisficer,post,,,0,0,0,0.001,37.14
cell,3,satisficer_29,Satisficer,post,,,0,0,0,0.001,37.14
cell,3,satisficer_30,Satisficer,post,,,0,0,0,0.001,37.14
cell,3,satisficer_31,Satisficer,post,,,0,0,0,0.001,37.14
cell,3,satisficer_32,Satisficer,post,,,0,0,0,0.009,37.14
cell,3,satisficer_33,Satisficer,post,,,0,0,0,0.001,37.14
cell,3,satisficer_34,Satisficer,post,,,0,0,0,0.001,37.14
cell,3,satisficer_35,Satisficer,post,,,0,0,0,0.001,37.14
cell,3,satisficer_36,Satisficer,post,,,0,0,0,0.001,37.14
cell,3,satisficer_37,Satisficer,post,,,0,0,0,0.001,37.14
cell,3,satisficer_38,Satisficer,post,,,0,0,0,0.001,37.14
cell,3,satisficer_39,Satisficer,post,,,0,0,0,0.001,37.14
cell,3,satisficer_40,Satisficer,post,,,0,0,0,0.001,37.14
cell,3,satisficer_41,Satisficer,post,,,0,0,0,0.001,37.14
cell,3,satisficer_42,Satisficer,post,,,0,0,0,0.001,37.14
cell,3,satisficer_43,Satisficer,post,,,0,0,0,0.001,37.14
cell,3,satisficer_44,Satisficer,post,,,0,0,0,0.001,37.14
cell,3,satisficer_45,Satisficer,post,,,0,0,0,0.001,37.14
cell,3,satisficer_46,Satisficer,post,,,0,0,0,0.001,37.14
cell,3,satisficer_47,Satisficer,post,,,0,0,0,0.001,37.14
cell,3,satisficer_48,Satisficer,post,,,0,0,0,0.001,37.14
cell,3,satisficer_49,Satisficer,post,,,0,0,0,0.001,37.14
cell,3,satisficer_50,Satisficer,post,,,0,0,0,0.001,37.14
cell,3,satisficer_51,Satisficer,post,,,0,0,0,0.001,37.14
cell,3,satisficer_52,Satisficer,post,,,0,0,0,0.001,37.14
cell,3,satisficer_53,Satisficer,post,,,0,0,0,0.001,37.14
cell,3,satisficer_54,Satisficer,post,,,0,0,0,0.001,37.14
cell,3,satisficer_55,Satisficer,post,,,0,0,0,0.001,37.14
cell,3,satisficer_56,Satisficer,post,,,0,0,0,0.001,37.14
cell,3,satisficer_57,Satisficer,post,,,0,0,0,0.001,37.14
cell,3,satisficer_58,Satisficer,post,,,0,0,0,0.001,37.14
cell,3,satisficer_59,Satisficer,post,,,0,0,0,0.001,37.14
cell,3,satisficer_60,Satisficer,post,,,0,0,0,0.001,37.14
cell,3,satisficer_61,Satisficer,post,,,0,0,0,0.001,37.14
cell,3,satisficer_62,Satisficer,post,,,0,0,0,0.001,37.14
cell,3,satisficer_63,Satisficer,post,,,0,0,0,0.001,37.14
cell,3,satisficer_64,Satisficer,post,,,0,0,0,0.001,37.14
cell,3,satisficer_65,Satisficer,post,,,0,0,0,0.001,37.14
cell,3,satisficer_66,Satisficer,post,,,0,0,0,0.001,37.14
cell,3,satisficer_67,Satisficer,post,,,0,0,0,0.001,37.14
cell,3,satisficer_68,Satisficer,post,,,0,0,0,0.001,37.14
cell,3,satisficer_69,Satisficer,post,,,0,0,0,0.001,37.14
cell,3,satisficer_70,Satisficer,post,,,0,0,0,0.001,37.14
cell,3,satisficer_71,Satisficer,post,,,0,0,0,0.001,37.14
cell,3,satisficer_72,Satisficer,post,,,0,0,0,0.001,37.14
cell,3,satisficer_73,Satisficer,post,,,0,0,0,0.001,37.14
cell,3,satisficer_74,Satisficer,post,,,0,0,0,0.001,37.14
cell,3,satisficer_75,Satisficer,post,,,0,0,0,0.001,37.14
cell,3,satisficer_76,Satisficer,post,,,0,0,0,0.001,37.14
cell,3,satisficer_77,Satisficer,post,,,0,0,0,0.001,37.14
cell,3,satisficer_78,Satisficer,post,,,0,0,0,0.001,37.14
cell,3,satisficer_79,Satisficer,post,,,0,0,0,0.001,37.14
cell,3,satisficer_80,Satisficer,post,,,0,0,0,0.001,37.14
cell,3,satisficer_81,Satisficer,post,,,0,0,0,0.001,37.14
cell,3,satisficer_82,Satisficer,post,,,0,0,0,0.001,37.14
cell,3,satisficer_83,Satisficer,post,,,0,0,0,0.001,37.14
cell,3,satisficer_84,Satisficer,post,,,0,0,0,0.001,37.14
cell,3,satisficer_85,Satisficer,post,,,0,0,0,0.001,37.14
cell,3,satisficer_86,Satisficer,post,,,0,0,0,0.001,37.14
cell,3,satisficer_87,Satisficer,post,,,0,0,0,0.001,37.14
cell,3,satisficer_88,Satisficer,post,,,0,0,0,0.001,37.14
cell,3,satisficer_89,Satisficer,post,,,0,0,0,0.001,37.14
cell,3,satisficer_90,Satisficer,post,,,0,0,0,0.001,37.14
cell,3,satisficer_91,Satisficer,post,,,0,0,0,0.001,37.14
cell,3,satisficer_92,Satisficer,post,,,0,0,0,0.001,37.14
cell,3,satisficer_93,Satisficer,post,,,0,0,0,0.001,37.14
cell,3,satisficer_94,Satisficer,post,,,0,0,0,0.001,37.14
cell,3,satisficer_95,Satisficer,post,,,0,0,0,0.001,37.14
cell,3,satisficer_96,Satisficer,post,,,0,0,0,0.001,37.14
cell,3,satisficer_97,Satisficer,post,,,0,0,0,0.001,37.14
cell,3,satisficer_98,Satisficer,post,,,0,0,0,0.001,37.14
cell,3,satisficer_99,Satisficer,post,,,0,0,0,0.001,37.14
cell,4,satisficer_0,Satisficer,post,,,0,0,0,0.001,37.14
cell,4,satisficer_1,Satisficer,post,,,0,0,0,0.001,37.14
cell,4,satisficer_2,Satisficer,post,,,0,0,0,0.001,37.14
cell,4,satisficer_3,Satisficer,post,,,0,0,0,0.001,37.14
cell,4,satisficer_4,Satisficer,post,,,0,0,0,0.001,37.14
cell,4,satisficer_5,Satisficer,post,,,0,0,0,0.001,37.14
cell,4,satisficer_6,Satisficer,post,,,0,0,0,0.001,37.14
cell,4,satisficer_7,Satisficer,post,,,0,0,0,0.001,37.14
cell,4,satisficer_8,Satisficer,post,,,0,0,0,0.001,37.14
cell,4,satisficer_9,Satisficer,post,,,0,0,0,0.001,37.14
cell,4,satisficer_10,Satisficer,post,,,0,0,0,0.001,37.14
cell,4,satisficer_11,Satisficer,post,,,0,0,0,0.001,37.14
cell,4,satisficer_12,Satisficer,post,,,0,0,0,0.001,37.14
cell,4,satisficer_13,Satisficer,post,,,0,0,0,0.001,37.14
cell,4,satisficer_14,Satisficer,post,,,0,0,0,0.001,37.14
cell,4,satisficer_15,Satisficer,post,,,0,0,0,0.001,37.14
cell,4,satisficer_16,Satisficer,post,,,0,0,0,0.001,37.14
cell,4,satisficer_17,Satisficer,post,,,0,0,0,0.001,37.14
cell,4,satisficer_18,Satisficer,post,,,0,0,0,0.001,37.14
cell,4,satisficer_19,Satisficer,post,,,0,0,0,0.001,37.14
cell,4,satisficer_20,Satisficer,post,,,0,0,0,0.001,37.14
cell,4,satisficer_21,Satisficer,post,,,0,0,0,0.001,37.14
cell,4,satisficer_22,Satisficer,post,,,0,0,0,0.001,37.14
cell,4,satisficer_23,Satisficer,post,,,0,0,0,0.001,37.14
cell,4,satisficer_24,Satisficer,post,,,0,0,0,0.001,37.14
cell,4,satisficer_25,Satisficer,post,,,0,0,0,0.001,37.14
cell,4,satisficer_26,Satisficer,post,,,0,0,0,0.001,37.14
cell,4,satisficer_27,Satisficer,post,,,0,0,0,0.001,37.14
cell,4,satisficer_28,Satisficer,post,,,0,0,0,0.001,37.14
cell,4,satisficer_29,Satisficer,post,,,0,0,0,0.001,37.14
cell,4,satisficer_30,Satisficer,post,,,0,0,0,0.001,37.14
cell,4,satisficer_31,Satisficer,post,,,0,0,0,0.001,37.14
cell,4,satisficer_32,Satisficer,post,,,0,0,0,0.001,37.14
cell,4,satisficer_33,Satisficer,post,,,0,0,0,0.001,37.14
cell,4,satisficer_34,Satisficer,post,,,0,0,0,0.001,37.14
cell,4,satisficer_35,Satisficer,post,,,0,0,0,0.001,37.14
cell,4,satisficer_36,Satisficer,post,,,0,0,0,0.001,37.14
cell,4,satisficer_37,Satisficer,post,,,0,0,0,0.001,37.14
cell,4,satisficer_38,Satisficer,post,,,0,0,0,0.001,37.14
cell,4,satisficer_39,Satisficer,post,,,0,0,0,0.001,37.14
cell,4,satisficer_40,Satisficer,post,,,0,0,0,0.001,37.14
cell,4,satisficer_41,Satisficer,post,,,0,0,0,0.001,37.14
cell,4,satisficer_42,Satisficer,post,,,0,0,0,0.001,37.14
cell,4,satisficer_43,Satisficer,post,,,0,0,0,0.001,37.14
cell,4,satisficer_44,Satisficer,post,,,0,0,0,0.049,37.14
cell,4,satisficer_45,Satisficer,post,,,0,0,0,0.001,37.14
cell,4,satisficer_46,Satisficer,post,,,0,0,0,0.001,37.14
cell,4,satisficer_47,Satisficer,post,,,0,0,0,0.001,37.14
cell,4,satisficer_48,Satisficer,post,,,0,0,0,0.001,37.14
cell,4,satisficer_49,Satisficer,post,,,0,0,0,0.001,37.14
cell,4,satisficer_50,Satisficer,post,,,0,0,0,0.001,37.14
cell,4,satisficer_51,Satisficer,post,,,0,0,0,0.001,37.14
cell,4,satisficer_52,Satisficer,post,,,0,0,0,0.001,37.14
cell,4,satisficer_53,Satisficer,post,,,0,0,0,0.001,37.14
cell,4,satisficer_54,Satisficer,post,,,0,0,0,0.001,37.14
cell,4,satisficer_55,Satisficer,post,,,0,0,0,0.001,37.14
cell,4,satisficer_56,Satisficer,post,,,0,0,0,0.001,37.14
cell,4,satisficer_57,Satisficer,post,,,0,0,0,0.001,37.14
cell,4,satisficer_58,Satisficer,post,,,0,0,0,0.001,37.14
cell,4,satisficer_59,Satisficer,post,,,0,0,0,0.001,37.14
cell,4,satisficer_60,Satisficer,post,,,0,0,0,0.001,37.14
cell,4,satisficer_61,Satisficer,post,,,0,0,0,0.001,37.14
cell,4,satisficer_62,Satisficer,post,,,0,0,0,0.001,37.14
cell,4,satisficer_63,Satisficer,post,,,0,0,0,0.001,37.14
cell,4,satisficer_64,Satisficer,post,,,0,0,0,0.001,37.14
cell,4,satisficer_65,Satisficer,post,,,0,0,0,0.001,37.14
cell,4,satisficer_66,Satisficer,post,,,0,0,0,0.001,37.14
cell,4,satisficer_67,Satisficer,post,,,0,0,0,0.001,37.14
cell,4,satisficer_68,Satisficer,post,,,0,0,0,0.001,37.14
cell,4,satisficer_69,Satisficer,post,,,0,0,0,0.001,37.14
cell,4,satisficer_70,Satisficer,post,,,0,0,0,0.001,37.14
cell,4,satisficer_71,Satisficer,post,,,0,0,0,0.001,37.14
cell,4,satisficer_72,Satisficer,post,,,0,0,0,0.001,37.14
cell,4,satisficer_73,Satisficer,post,,,0,0,0,0.001,37.14
cell,4,satisficer_74,Satisficer,post,,,0,0,0,0.001,37.14
cell,4,satisficer_75,Satisficer,post,,,0,0,0,0.001,37.14
cell,4,satisficer_76,Satisficer,post,,,0,0,0,0.001,37.14
cell,4,satisficer_77,Satisficer,post,,,0,0,0,0.001,37.14
cell,4,satisficer_78,Satisficer,post,,,0,0,0,0.001,37.14
cell,4,satisficer_79,Satisficer,post,,,0,0,0,0.001,37.14
cell,4,satisficer_80,Satisficer,post,,,0,0,0,0.001,37.14
cell,4,satisficer_81,Satisficer,post,,,0,0,0,0.001,37.14
cell,4,satisficer_82,Satisficer,post,,,0,0,0,0.001,37.14
cell,4,satisficer_83,Satisficer,post,,,0,0,0,0.001,37.14
cell,4,satisficer_84,Satisficer,post,,,0,0,0,0.001,37.14
cell,4,satisficer_85,Satisficer,post,,,0,0,0,0.001,37.14
cell,4,satisficer_86,Satisficer,post,,,0,0,0,0.001,37.14
cell,4,satisficer_87,Satisficer,post,,,0,0,0,0.001,37.14
cell,4,satisficer_88,Satisficer,post,,,0,0,0,0.001,37.14
cell,4,satisficer_89,Satisficer,post,,,0,0,0,0.001,37.14
cell,4,satisficer_90,Satisficer,post,,,0,0,0,0.001,37.14
cell,4,satisficer_91,Satisficer,post,,,0,0,0,0.001,37.14
cell,4,satisficer_92,Satisficer,post,,,0,0,0,0.001,37.14
cell,4,satisficer_93,Satisficer,post,,,0,0,0,0.001,37.14
cell,4,satisficer_94,Satisficer,post,,,0,0,0,0.001,37.14
cell,4,satisficer_95,Satisficer,post,,,0,0,0,0.001,37.14
cell,4,satisficer_96,Satisficer,post,,,0,0,0,0.001,37.14
cell,4,satisficer_97,Satisficer,post,,,0,0,0,0.001,37.14
cell,4,satisficer_98,Satisficer,post,,,0,0,0,0.001,37.14
cell,4,satisficer_99,Satisficer,post,,,0,0,0,0.001,37.14
cell,5,satisficer_0,Satisficer,post,,,0,0,0,0.001,37.14
cell,5,satisficer_1,Satisficer,post,,,0,0,0,0.001,37.14
cell,5,satisficer_2,Satisficer,post,,,0,0,0,0.001,37.14
cell,5,satisficer_3,Satisficer,post,,,0,0,0,0.001,37.14
cell,5,satisficer_4,Satisficer,post,,,0,0,0,0.001,37.14
cell,5,satisficer_5,Satisficer,post,,,0,0,0,0.001,37.14
cell,5,satisficer_6,Satisficer,post,,,0,0,0,0.001,37.14
cell,5,satisficer_7,Satisficer,post,,,0,0,0,0.001,37.14
cell,5,satisficer_8,Satisficer,post,,,0,0,0,0.001,37.14
cell,5,satisficer_9,Satisficer,post,,,0,0,0,0.001,37.14
cell,5,satisficer_10,Satisficer,post,,,0,0,0,0.001,37.14
cell,5,satisficer_11,Satisficer,post,,,0,0,0,0.001,37.14
cell,5,satisficer_12,Satisficer,post,,,0,0,0,0.001,37.14
cell,5,satisficer_13,Satisficer,post,,,0,0,0,0.001,37.14
cell,5,satisficer_14,Satisficer,post,,,0,0,0,0.001,37.14
cell,5,satisficer_15,Satisficer,post,,,0,0,0,0.001,37.14
cell,5,satisficer_16,Satisficer,post,,,0,0,0,0.001,37.14
cell,5,satisficer_17,Satisficer,post,,,0,0,0,0.001,37.14
cell,5,satisficer_18,Satisficer,post,,,0,0,0,0.001,37.14
cell,5,satisficer_19,Satisficer,post,,,0,0,0,0.001,37.14
cell,5,satisficer_20,Satisficer,post,,,0,0,0,0.001,37.14
cell,5,satisficer_21,Satisficer,post,,,0,0,0,0.001,37.14
cell,5,satisficer_22,Satisficer,post,,,0,0,0,0.001,37.14
cell,5,satisficer_23,Satisficer,post,,,0,0,0,0.001,37.14
cell,5,satisficer_24,Satisficer,post,,,0,0,0,0.001,37.14
cell,5,satisficer_25,Satisficer,post,,,0,0,0,0.001,37.14
cell,5,satisficer_26,Satisficer,post,,,0,0,0,0.001,37.14
cell,5,satisficer_27,Satisficer,post,,,0,0,0,0.001,37.14
cell,5,satisficer_28,Satisficer,post,,,0,0,0,0.001,37.14
cell,5,satisficer_29,Satisficer,post,,,0,0,0,0.001,37.14
cell,5,satisficer_30,Satisficer,post,,,0,0,0,0.001,37.14
cell,5,satisficer_31,Satisficer,post,,,0,0,0,0.001,37.14
cell,5,satisficer_32,Satisficer,post,,,0,0,0,0.001,37.14
cell,5,satisficer_33,Satisficer,post,,,0,0,0,0.001,37.14
cell,5,satisficer_34,Satisficer,post,,,0,0,0,0.001,37.14
cell,5,satisficer_35,Satisficer,post,,,0,0,0,0.001,37.14
cell,5,satisficer_36,Satisficer,post,,,0,0,0,0.001,37.14
cell,5,satisficer_37,Satisficer,post,,,0,0,0,0.001,37.14
cell,5,satisficer_38,Satisficer,post,,,0,0,0,0.001,37.14
cell,5,satisficer_39,Satisficer,post,,,0,0,0,0.001,37.14
cell,5,satisficer_40,Satisficer,post,,,0,0,0,0.001,37.14
cell,5,satisficer_41,Satisficer,post,,,0,0,0,0.001,37.14
cell,5,satisficer_42,Satisficer,post,,,0,0,0,0.001,37.14
cell,5,satisficer_43,Satisficer,post,,,0,0,0,0.001,37.14
cell,5,satisficer_44,Satisficer,post,,,0,0,0,0.001,37.14
cell,5,satisficer_45,Satisficer,post,,,0,0,0,0.001,37.14
cell,5,satisficer_46,Satisficer,post,,,0,0,0,0.001,37.14
cell,5,satisficer_47,Satisficer,post,,,0,0,0,0.001,37.14
cell,5,satisficer_48,Satisficer,post,,,0,0,0,0.001,37.14
cell,5,satisficer_49,Satisficer,post,,,0,0,0,0.001,37.14
cell,5,satisficer_50,Satisficer,post,,,0,0,0,0.001,37.14
cell,5,satisficer_51,Satisficer,post,,,0,0,0,0.001,37.14
cell,5,satisficer_52,Satisficer,post,,,0,0,0,0.001,37.14
cell,5,satisficer_53,Satisficer,post,,,0,0,0,0.001,37.14
cell,5,satisficer_54,Satisficer,post,,,0,0,0,0.001,37.14
cell,5,satisficer_55,Satisficer,post,,,0,0,0,0.001,37.14
cell,5,satisficer_56,Satisficer,post,,,0,0,0,0.001,37.14
cell,5,satisficer_57,Satisficer,post,,,0,0,0,0.001,37.14
cell,5,satisficer_58,Satisficer,post,,,0,0,0,0.001,37.14
cell,5,satisficer_59,Satisficer,post,,,0,0,0,0.001,37.14
cell,5,satisficer_60,Satisficer,post,,,0,0,0,0.001,37.14
cell,5,satisficer_61,Satisficer,post,,,0,0,0,0.001,37.14
cell,5,satisficer_62,Satisficer,post,,,0,0,0,0.001,37.14
cell,5,satisficer_63,Satisficer,post,,,0,0,0,0.001,37.14
cell,5,satisficer_64,Satisficer,post,,,0,0,0,0.001,37.14
cell,5,satisficer_65,Satisficer,post,,,0,0,0,0.001,37.14
cell,5,satisficer_66,Satisficer,post,,,0,0,0,0.001,37.14
cell,5,satisficer_67,Satisficer,post,,,0,0,0,0.001,37.14
cell,5,satisficer_68,Satisficer,post,,,0,0,0,0.001,37.14
cell,5,satisficer_69,Satisficer,post,,,0,0,0,0.001,37.14
cell,5,satisficer_70,Satisficer,post,,,0,0,0,0.001,37.14
cell,5,satisficer_71,Satisficer,post,,,0,0,0,0.001,37.14
cell,5,satisficer_72,Satisficer,post,,,0,0,0,0.001,37.14
cell,5,satisficer_73,Satisficer,post,,,0,0,0,0.001,37.14
cell,5,satisficer_74,Satisficer,post,,,0,0,0,0.001,37.14
cell,5,satisficer_75,Satisficer,post,,,0,0,0,0.001,37.14
cell,5,satisficer_76,Satisficer,post,,,0,0,0,0.001,37.14
cell,5,satisficer_77,Satisficer,post,,,0,0,0,0.001,37.14
cell,5,satisficer_78,Satisficer,post,,,0,0,0,0.001,37.14
cell,5,satisficer_79,Satisficer,post,,,0,0,0,0.001,37.14
cell,5,satisficer_80,Satisficer,post,,,0,0,0,0.001,37.14
cell,5,satisficer_81,Satisficer,post,,,0,0,0,0.001,37.14
cell,5,satisficer_82,Satisficer,post,,,0,0,0,0.001,37.14
cell,5,satisficer_83,Satisficer,post,,,0,0,0,0.001,37.14
cell,5,satisficer_84,Satisficer,post,,,0,0,0,0.001,37.14
cell,5,satisficer_85,Satisficer,post,,,0,0,0,0.001,37.14
cell,5,satisficer_86,Satisficer,post,,,0,0,0,0.001,37.14
cell,5,satisficer_87,Satisficer,post,,,0,0,0,0.001,37.14
cell,5,satisficer_88,Satisficer,post,,,0,0,0,0.001,37.14
cell,5,satisficer_89,Satisficer,post,,,0,0,0,0.001,37.14
cell,5,satisficer_90,Satisficer,post,,,0,0,0,0.001,37.14
cell,5,satisficer_91,Satisficer,post,,,0,0,0,0.001,37.14
cell,5,satisficer_92,Satisficer,post,,,0,0,0,0.001,37.14
cell,5,satisficer_93,Satisficer,post,,,0,0,0,0.001,37.14
cell,5,satisficer_94,Satisficer,post,,,0,0,0,0.038,37.14
cell,5,satisficer_95,Satisficer,post,,,0,0,0,0.001,37.14
cell,5,satisficer_96,Satisficer,post,,,0,0,0,0.001,37.14
cell,5,satisficer_97,Satisficer,post,,,0,0,0,0.001,37.14
cell,5,satisficer_98,Satisficer,post,,,0,0,0,0.001,37.14
cell,5,satisficer_99,Satisficer,post,,,0,0,0,0.001,37.14
cell,6,satisficer_0,Satisficer,post,,,0,0,0,0.001,37.14
cell,6,satisficer_1,Satisficer,post,,,0,0,0,0.001,37.14
cell,6,satisficer_2,Satisficer,post,,,0,0,0,0.001,37.14
cell,6,satisficer_3,Satisficer,post,,,0,0,0,0.001,37.14
cell,6,satisficer_4,Satisficer,post,,,0,0,0,0.001,37.14
cell,6,satisficer_5,Satisficer,post,,,0,0,0,0.001,37.14
cell,6,satisficer_6,Satisficer,post,,,0,0,0,0.001,37.14
cell,6,satisficer_7,Satisficer,post,,,0,0,0,0.001,37.14
cell,6,satisficer_8,Satisficer,post,,,0,0,0,0.001,37.14
cell,6,satisficer_9,Satisficer,post,,,0,0,0,0.001,37.14
cell,6,satisficer_10,Satisficer,post,,,0,0,0,0.001,37.14
cell,6,satisficer_11,Satisficer,post,,,0,0,0,0.001,37.14
cell,6,satisficer_12,Satisficer,post,,,0,0,0,0.001,37.14
cell,6,satisficer_13,Satisficer,post,,,0,0,0,0.001,37.14
cell,6,satisficer_14,Satisficer,post,,,0,0,0,0.001,37.14
cell,6,satisficer_15,Satisficer,post,,,0,0,0,0.001,37.14
cell,6,satisficer_16,Satisficer,post,,,0,0,0,0.001,37.14
cell,6,satisficer_17,Satisficer,post,,,0,0,0,0.001,37.14
cell,6,satisficer_18,Satisficer,post,,,0,0,0,0.001,37.14
cell,6,satisficer_19,Satisficer,post,,,0,0,0,0.001,37.14
cell,6,satisficer_20,Satisficer,post,,,0,0,0,0.001,37.14
cell,6,satisficer_21,Satisficer,post,,,0,0,0,0.001,37.14
cell,6,satisficer_22,Satisficer,post,,,0,0,0,0.001,37.14
cell,6,satisficer_23,Satisficer,post,,,0,0,0,0.001,37.14
cell,6,satisficer_24,Satisficer,post,,,0,0,0,0.001,37.14
cell,6,satisficer_25,Satisficer,post,,,0,0,0,0.001,37.14
cell,6,satisficer_26,Satisficer,post,,,0,0,0,0.001,37.14
cell,6,satisficer_27,Satisficer,post,,,0,0,0,0.001,37.14
cell,6,satisficer_28,Satisficer,post,,,0,0,0,0.001,37.14
cell,6,satisficer_29,Satisficer,post,,,0,0,0,0.001,37.14
cell,6,satisficer_30,Satisficer,post,,,0,0,0,0.001,37.14
cell,6,satisficer_31,Satisficer,post,,,0,0,0,0.001,37.14
cell,6,satisficer_32,Satisficer,post,,,0,0,0,0.001,37.14
cell,6,satisficer_33,Satisficer,post,,,0,0,0,0.001,37.14
cell,6,satisficer_34,Satisficer,post,,,0,0,0,0.001,37.14
cell,6,satisficer_35,Satisficer,post,,,0,0,0,0.001,37.14
cell,6,satisficer_36,Satisficer,post,,,0,0,0,0.001,37.14
cell,6,satisficer_37,Satisficer,post,,,0,0,0,0.001,37.14
cell,6,satisficer_38,Satisficer,post,,,0,0,0,0.001,37.14
cell,6,satisficer_39,Satisficer,post,,,0,0,0,0.001,37.14
cell,6,satisficer_40,Satisficer,post,,,0,0,0,0.001,37.14
cell,6,satisficer_41,Satisficer,post,,,0,0,0,0.001,37.14
cell,6,satisficer_42,Satisficer,post,,,0,0,0,0.001,37.14
cell,6,satisficer_43,Satisficer,post,,,0,0,0,0.001,37.14
cell,6,satisficer_44,Satisficer,post,,,0,0,0,0.040,37.14
cell,6,satisficer_45,Satisficer,post,,,0,0,0,0.001,37.14
cell,6,satisficer_46,Satisficer,post,,,0,0,0,0.001,37.14
cell,6,satisficer_47,Satisficer,post,,,0,0,0,0.001,37.14
cell,6,satisficer_48,Satisficer,post,,,0,0,0,0.001,37.14
cell,6,satisficer_49,Satisficer,post,,,0,0,0,0.001,37.14
cell,6,satisficer_50,Satisficer,post,,,0,0,0,0.001,37.14
cell,6,satisficer_51,Satisficer,post,,,0,0,0,0.001,37.14
cell,6,satisficer_52,Satisficer,post,,,0,0,0,0.001,37.14
cell,6,satisficer_53,Satisficer,post,,,0,0,0,0.001,37.14
cell,6,satisficer_54,Satisficer,post,,,0,0,0,0.001,37.14
cell,6,satisficer_55,Satisficer,post,,,0,0,0,0.001,37.14
cell,6,satisficer_56,Satisficer,post,,,0,0,0,0.001,37.14
cell,6,satisficer_57,Satisficer,post,,,0,0,0,0.001,37.14
cell,6,satisficer_58,Satisficer,post,,,0,0,0,0.001,37.14
cell,6,satisficer_59,Satisficer,post,,,0,0,0,0.001,37.14
cell,6,satisficer_60,Satisficer,post,,,0,0,0,0.001,37.14
cell,6,satisficer_61,Satisficer,post,,,0,0,0,0.001,37.14
cell,6,satisficer_62,Satisficer,post,,,0,0,0,0.001,37.14
cell,6,satisficer_63,Satisficer,post,,,0,0,0,0.001,37.14
cell,6,satisficer_64,Satisficer,post,,,0,0,0,0.001,37.14
cell,6,satisficer_65,Satisficer,post,,,0,0,0,0.001,37.14
cell,6,satisficer_66,Satisficer,post,,,0,0,0,0.001,37.14
cell,6,satisficer_67,Satisficer,post,,,0,0,0,0.001,37.14
cell,6,satisficer_68,Satisficer,post,,,0,0,0,0.001,37.14
cell,6,satisficer_69,Satisficer,post,,,0,0,0,0.001,37.14
cell,6,satisficer_70,Satisficer,post,,,0,0,0,0.001,37.14
cell,6,satisficer_71,Satisficer,post,,,0,0,0,0.001,37.14
cell,6,satisficer_72,Satisficer,post,,,0,0,0,0.001,37.14
cell,6,satisficer_73,Satisficer,post,,,0,0,0,0.001,37.14
cell,6,satisficer_74,Satisficer,post,,,0,0,0,0.001,37.14
cell,6,satisficer_75,Satisficer,post,,,0,0,0,0.001,37.14
cell,6,satisficer_76,Satisficer,post,,,0,0,0,0.001,37.14
cell,6,satisficer_77,Satisficer,post,,,0,0,0,0.001,37.14
cell,6,satisficer_78,Satisficer,post,,,0,0,0,0.001,37.14
cell,6,satisficer_79,Satisficer,post,,,0,0,0,0.001,37.14
cell,6,satisficer_80,Satisficer,post,,,0,0,0,0.001,37.14
cell,6,satisficer_81,Satisficer,post,,,0,0,0,0.001,37.14
cell,6,satisficer_82,Satisficer,post,,,0,0,0,0.001,37.14
cell,6,satisficer_83,Satisficer,post,,,0,0,0,0.001,37.14
cell,6,satisficer_84,Satisficer,post,,,0,0,0,0.001,37.14
cell,6,satisficer_85,Satisficer,post,,,0,0,0,0.001,37.14
cell,6,satisficer_86,Satisficer,post,,,0,0,0,0.001,37.14
cell,6,satisficer_87,Satisficer,post,,,0,0,0,0.001,37.14
cell,6,satisficer_88,Satisficer,post,,,0,0,0,0.001,37.14
cell,6,satisficer_89,Satisficer,post,,,0,0,0,0.001,37.14
cell,6,satisficer_90,Satisficer,post,,,0,0,0,0.001,37.14
cell,6,satisficer_91,Satisficer,post,,,0,0,0,0.001,37.14
cell,6,satisficer_92,Satisficer,post,,,0,0,0,0.001,37.14
cell,6,satisficer_93,Satisficer,post,,,0,0,0,0.001,37.14
cell,6,satisficer_94,Satisficer,post,,,0,0,0,0.001,37.14
cell,6,satisficer_95,Satisficer,post,,,0,0,0,0.001,37.14
cell,6,satisficer_96,Satisficer,post,,,0,0,0,0.001,37.14
cell,6,satisficer_97,Satisficer,post,,,0,0,0,0.001,37.14
cell,6,satisficer_98,Satisficer,post,,,0,0,0,0.001,37.14
cell,6,satisficer_99,Satisficer,post,,,0,0,0,0.001,37.14
cell,7,satisficer_0,Satisficer,post,,,0,0,0,0.001,37.14
cell,7,satisficer_1,Satisficer,post,,,0,0,0,0.001,37.14
cell,7,satisficer_2,Satisficer,post,,,0,0,0,0.001,37.14
cell,7,satisficer_3,Satisficer,post,,,0,0,0,0.001,37.14
cell,7,satisficer_4,Satisficer,post,,,0,0,0,0.001,37.14
cell,7,satisficer_5,Satisficer,post,,,0,0,0,0.001,37.14
cell,7,satisficer_6,Satisficer,post,,,0,0,0,0.001,37.14
cell,7,satisficer_7,Satisficer,post,,,0,0,0,0.001,37.14
cell,7,satisficer_8,Satisficer,post,,,0,0,0,0.001,37.14
cell,7,satisficer_9,Satisficer,post,,,0,0,0,0.001,37.14
cell,7,satisficer_10,Satisficer,post,,,0,0,0,0.001,37.14
cell,7,satisficer_11,Satisficer,post,,,0,0,0,0.001,37.14
cell,7,satisficer_12,Satisficer,post,,,0,0,0,0.001,37.14
cell,7,satisficer_13,Satisficer,post,,,0,0,0,0.001,37.14
cell,7,satisficer_14,Satisficer,post,,,0,0,0,0.001,37.14
cell,7,satisficer_15,Satisficer,post,,,0,0,0,0.001,37.14
cell,7,satisficer_16,Satisficer,post,,,0,0,0,0.001,37.14
cell,7,satisficer_17,Satisficer,post,,,0,0,0,0.001,37.14
cell,7,satisficer_18,Satisficer,post,,,0,0,0,0.001,37.14
cell,7,satisficer_19,Satisficer,post,,,0,0,0,0.001,37.14
cell,7,satisficer_20,Satisficer,post,,,0,0,0,0.001,37.14
cell,7,satisficer_21,Satisficer,post,,,0,0,0,0.001,37.14
cell,7,satisficer_22,Satisficer,post,,,0,0,0,0.001,37.14
cell,7,satisficer_23,Satisficer,post,,,0,0,0,0.001,37.14
cell,7,satisficer_24,Satisficer,post,,,0,0,0,0.001,37.14
cell,7,satisficer_25,Satisficer,post,,,0,0,0,0.001,37.14
cell,7,satisficer_26,Satisficer,post,,,0,0,0,0.001,37.14
cell,7,satisficer_27,Satisficer,post,,,0,0,0,0.001,37.14
cell,7,satisficer_28,Satisficer,post,,,0,0,0,0.001,37.14
cell,7,satisficer_29,Satisficer,post,,,0,0,0,0.001,37.14
cell,7,satisficer_30,Satisficer,post,,,0,0,0,0.001,37.14
cell,7,satisficer_31,Satisficer,post,,,0,0,0,0.001,37.14
cell,7,satisficer_32,Satisficer,post,,,0,0,0,0.001,37.14
cell,7,satisficer_33,Satisficer,post,,,0,0,0,0.001,37.14
cell,7,satisficer_34,Satisficer,post,,,0,0,0,0.001,37.14
cell,7,satisficer_35,Satisficer,post,,,0,0,0,0.001,37.14
cell,7,satisficer_36,Satisficer,post,,,0,0,0,0.001,37.14
cell,7,satisficer_37,Satisficer,post,,,0,0,0,0.001,37.14
cell,7,satisficer_38,Satisficer,post,,,0,0,0,0.001,37.14
cell,7,satisficer_39,Satisficer,post,,,0,0,0,0.001,37.14
cell,7,satisficer_40,Satisficer,post,,,0,0,0,0.001,37.14
cell,7,satisficer_41,Satisficer,post,,,0,0,0,0.001,37.14
cell,7,satisficer_42,Satisficer,post,,,0,0,0,0.001,37.14
cell,7,satisficer_43,Satisficer,post,,,0,0,0,0.001,37.14
cell,7,satisficer_44,Satisficer,post,,,0,0,0,0.001,37.14
cell,7,satisficer_45,Satisficer,post,,,0,0,0,0.001,37.14
cell,7,satisficer_46,Satisficer,post,,,0,0,0,0.001,37.14
cell,7,satisficer_47,Satisficer,post,,,0,0,0,0.001,37.14
cell,7,satisficer_48,Satisficer,post,,,0,0,0,0.001,37.14
cell,7,satisficer_49,Satisficer,post,,,0,0,0,0.001,37.14
cell,7,satisficer_50,Satisficer,post,,,0,0,0,0.001,37.14
cell,7,satisficer_51,Satisficer,post,,,0,0,0,0.001,37.14
cell,7,satisficer_52,Satisficer,post,,,0,0,0,0.001,37.14
cell,7,satisficer_53,Satisficer,post,,,0,0,0,0.001,37.14
cell,7,satisficer_54,Satisficer,post,,,0,0,0,0.001,37.14
cell,7,satisficer_55,Satisficer,post,,,0,0,0,0.001,37.14
cell,7,satisficer_56,Satisficer,post,,,0,0,0,0.001,37.14
cell,7,satisficer_57,Satisficer,post,,,0,0,0,0.001,37.14
cell,7,satisficer_58,Satisficer,post,,,0,0,0,0.001,37.14
cell,7,satisficer_59,Satisficer,post,,,0,0,0,0.001,37.14
cell,7,satisficer_60,Satisficer,post,,,0,0,0,0.001,37.14
cell,7,satisficer_61,Satisficer,post,,,0,0,0,0.001,37.14
cell,7,satisficer_62,Satisficer,post,,,0,0,0,0.001,37.14
cell,7,satisficer_63,Satisficer,post,,,0,0,0,0.001,37.14
cell,7,satisficer_64,Satisficer,post,,,0,0,0,0.001,37.14
cell,7,satisficer_65,Satisficer,post,,,0,0,0,0.001,37.14
cell,7,satisficer_66,Satisficer,post,,,0,0,0,0.001,37.14
cell,7,satisficer_67,Satisficer,post,,,0,0,0,0.001,37.14
cell,7,satisficer_68,Satisficer,post,,,0,0,0,0.001,37.14
cell,7,satisficer_69,Satisficer,post,,,0,0,0,0.001,37.14
cell,7,satisficer_70,Satisficer,post,,,0,0,0,0.001,37.14
cell,7,satisficer_71,Satisficer,post,,,0,0,0,0.001,37.14
cell,7,satisficer_72,Satisficer,post,,,0,0,0,0.001,37.14
cell,7,satisficer_73,Satisficer,post,,,0,0,0,0.001,37.14
cell,7,satisficer_74,Satisficer,post,,,0,0,0,0.001,37.14
cell,7,satisficer_75,Satisficer,post,,,0,0,0,0.001,37.14
cell,7,satisficer_76,Satisficer,post,,,0,0,0,0.001,37.14
cell,7,satisficer_77,Satisficer,post,,,0,0,0,0.001,37.14
cell,7,satisficer_78,Satisficer,post,,,0,0,0,0.001,37.14
cell,7,satisficer_79,Satisficer,post,,,0,0,0,0.001,37.14
cell,7,satisficer_80,Satisficer,post,,,0,0,0,0.001,37.14
cell,7,satisficer_81,Satisficer,post,,,0,0,0,0.001,37.14
cell,7,satisficer_82,Satisficer,post,,,0,0,0,0.001,37.14
cell,7,satisficer_83,Satisficer,post,,,0,0,0,0.001,37.14
cell,7,satisficer_84,Satisficer,post,,,0,0,0,0.001,37.14
cell,7,satisficer_85,Satisficer,post,,,0,0,0,0.001,37.14
cell,7,satisficer_86,Satisficer,post,,,0,0,0,0.001,37.14
cell,7,satisficer_87,Satisficer,post,,,0,0,0,0.001,37.14
cell,7,satisficer_88,Satisficer,post,,,0,0,0,0.001,37.14
cell,7,satisficer_89,Satisficer,post,,,0,0,0,0.001,37.14
cell,7,satisficer_90,Satisficer,post,,,0,0,0,0.001,37.14
cell,7,satisficer_91,Satisficer,post,,,0,0,0,0.001,37.14
cell,7,satisficer_92,Satisficer,post,,,0,0,0,0.001,37.14
cell,7,satisficer_93,Satisficer,post,,,0,0,0,0.001,37.14
cell,7,satisficer_94,Satisficer,post,,,0,0,0,0.001,37.14
cell,7,satisficer_95,Satisficer,post,,,0,0,0,0.001,37.14
cell,7,satisficer_96,Satisficer,post,,,0,0,0,0.001,37.14
cell,7,satisficer_97,Satisficer,post,,,0,0,0,0.001,37.14
cell,7,satisficer_98,Satisficer,post,,,0,0,0,0.001,37.14
cell,7,satisficer_99,Satisficer,post,,,0,0,0,0.001,37.14
cell,8,satisficer_0,Satisficer,post,,,0,0,0,0.001,37.14
cell,8,satisficer_1,Satisficer,post,,,0,0,0,0.002,37.14
cell,8,satisficer_2,Satisficer,post,,,0,0,0,0.001,37.14
cell,8,satisficer_3,Satisficer,post,,,0,0,0,0.001,37.14
cell,8,satisficer_4,Satisficer,post,,,0,0,0,0.001,37.14
cell,8,satisficer_5,Satisficer,post,,,0,0,0,0.001,37.14
cell,8,satisficer_6,Satisficer,post,,,0,0,0,0.001,37.14
cell,8,satisficer_7,Satisficer,post,,,0,0,0,0.001,37.14
cell,8,satisficer_8,Satisficer,post,,,0,0,0,0.001,37.14
cell,8,satisficer_9,Satisficer,post,,,0,0,0,0.001,37.14
cell,8,satisficer_10,Satisficer,post,,,0,0,0,0.001,37.14
cell,8,satisficer_11,Satisficer,post,,,0,0,0,0.001,37.14
cell,8,satisficer_12,Satisficer,post,,,0,0,0,0.001,37.14
cell,8,satisficer_13,Satisficer,post,,,0,0,0,0.001,37.14
cell,8,satisficer_14,Satisficer,post,,,0,0,0,0.001,37.14
cell,8,satisficer_15,Satisficer,post,,,0,0,0,0.001,37.14
cell,8,satisficer_16,Satisficer,post,,,0,0,0,0.001,37.14
cell,8,satisficer_17,Satisficer,post,,,0,0,0,0.001,37.14
cell,8,satisficer_18,Satisficer,post,,,0,0,0,0.001,37.14
cell,8,satisficer_19,Satisficer,post,,,0,0,0,0.001,37.14
cell,8,satisficer_20,Satisficer,post,,,0,0,0,0.001,37.14
cell,8,satisficer_21,Satisficer,post,,,0,0,0,0.001,37.14
cell,8,satisficer_22,Satisficer,post,,,0,0,0,0.001,37.14
cell,8,satisficer_23,Satisficer,post,,,0,0,0,0.001,37.14
cell,8,satisficer_24,Satisficer,post,,,0,0,0,0.001,37.14
cell,8,satisficer_25,Satisficer,post,,,0,0,0,0.001,37.14
cell,8,satisficer_26,Satisficer,post,,,0,0,0,0.001,37.14
cell,8,satisficer_27,Satisficer,post,,,0,0,0,0.001,37.14
cell,8,satisficer_28,Satisficer,post,,,0,0,0,0.001,37.14
cell,8,satisficer_29,Satisficer,post,,,0,0,0,0.001,37.14
cell,8,satisficer_30,Satisficer,post,,,0,0,0,0.001,37.14
cell,8,satisficer_31,Satisficer,post,,,0,0,0,0.001,37.14
cell,8,satisficer_32,Satisficer,post,,,0,0,0,0.001,37.14
cell,8,satisficer_33,Satisficer,post,,,0,0,0,0.001,37.14
cell,8,satisficer_34,Satisficer,post,,,0,0,0,0.001,37.14
cell,8,satisficer_35,Satisficer,post,,,0,0,0,0.001,37.14
cell,8,satisficer_36,Satisficer,post,,,0,0,0,0.001,37.14
cell,8,satisficer_37,Satisficer,post,,,0,0,0,0.001,37.14
cell,8,satisficer_38,Satisficer,post,,,0,0,0,0.001,37.14
cell,8,satisficer_39,Satisficer,post,,,0,0,0,0.001,37.14
cell,8,satisficer_40,Satisficer,post,,,0,0,0,0.001,37.14
cell,8,satisficer_41,Satisficer,post,,,0,0,0,0.001,37.14
cell,8,satisficer_42,Satisficer,post,,,0,0,0,0.001,37.14
cell,8,satisficer_43,Satisficer,post,,,0,0,0,0.001,37.14
cell,8,satisficer_44,Satisficer,post,,,0,0,0,0.001,37.14
cell,8,satisficer_45,Satisficer,post,,,0,0,0,0.001,37.14
cell,8,satisficer_46,Satisficer,post,,,0,0,0,0.001,37.14
cell,8,satisficer_47,Satisficer,post,,,0,0,0,0.001,37.14
cell,8,satisficer_48,Satisficer,post,,,0,0,0,0.001,37.14
cell,8,satisficer_49,Satisficer,post,,,0,0,0,0.001,37.14
cell,8,satisficer_50,Satisficer,post,,,0,0,0,0.001,37.14
cell,8,satisficer_51,Satisficer,post,,,0,0,0,0.001,37.14
cell,8,satisficer_52,Satisficer,post,,,0,0,0,0.001,37.14
cell,8,satisficer_53,Satisficer,post,,,0,0,0,0.001,37.14
cell,8,satisficer_54,Satisficer,post,,,0,0,0,0.001,37.14
cell,8,satisficer_55,Satisficer,post,,,0,0,0,0.001,37.14
cell,8,satisficer_56,Satisficer,post,,,0,0,0,0.001,37.14
cell,8,satisficer_57,Satisficer,post,,,0,0,0,0.001,37.14
cell,8,satisficer_58,Satisficer,post,,,0,0,0,0.001,37.14
cell,8,satisficer_59,Satisficer,post,,,0,0,0,0.001,37.14
cell,8,satisficer_60,Satisficer,post,,,0,0,0,0.001,37.14
cell,8,satisficer_61,Satisficer,post,,,0,0,0,0.001,37.14
cell,8,satisficer_62,Satisficer,post,,,0,0,0,0.001,37.14
cell,8,satisficer_63,Satisficer,post,,,0,0,0,0.001,37.14
cell,8,satisficer_64,Satisficer,post,,,0,0,0,0.001,37.14
cell,8,satisficer_65,Satisficer,post,,,0,0,0,0.001,37.14
cell,8,satisficer_66,Satisficer,post,,,0,0,0,0.001,37.14
cell,8,satisficer_67,Satisficer,post,,,0,0,0,0.001,37.14
cell,8,satisficer_68,Satisficer,post,,,0,0,0,0.001,37.14
cell,8,satisficer_69,Satisficer,post,,,0,0,0,0.001,37.14
cell,8,satisficer_70,Satisficer,post,,,0,0,0,0.001,37.14
cell,8,satisficer_71,Satisficer,post,,,0,0,0,0.001,37.14
cell,8,satisficer_72,Satisficer,post,,,0,0,0,0.001,37.14
cell,8,satisficer_73,Satisficer,post,,,0,0,0,0.001,37.14
cell,8,satisficer_74,Satisficer,post,,,0,0,0,0.001,37.14
cell,8,satisficer_75,Satisficer,post,,,0,0,0,0.001,37.14
cell,8,satisficer_76,Satisficer,post,,,0,0,0,0.001,37.14
cell,8,satisficer_77,Satisficer,post,,,0,0,0,0.001,37.14
cell,8,satisficer_78,Satisficer,post,,,0,0,0,0.001,37.14
cell,8,satisficer_79,Satisficer,post,,,0,0,0,0.001,37.14
cell,8,satisficer_80,Satisficer,post,,,0,0,0,0.001,37.14
cell,8,satisficer_81,Satisficer,post,,,0,0,0,0.001,37.14
cell,8,satisficer_82,Satisficer,post,,,0,0,0,0.001,37.14
cell,8,satisficer_83,Satisficer,post,,,0,0,0,0.001,37.14
cell,8,satisficer_84,Satisficer,post,,,0,0,0,0.001,37.14
cell,8,satisficer_85,Satisficer,post,,,0,0,0,0.001,37.14
cell,8,satisficer_86,Satisficer,post,,,0,0,0,0.001,37.14
cell,8,satisficer_87,Satisficer,post,,,0,0,0,0.001,37.14
cell,8,satisficer_88,Satisficer,post,,,0,0,0,0.001,37.14
cell,8,satisficer_89,Satisficer,post,,,0,0,0,0.001,37.14
cell,8,satisficer_90,Satisficer,post,,,0,0,0,0.001,37.14
cell,8,satisficer_91,Satisficer,post,,,0,0,0,0.001,37.14
cell,8,satisficer_92,Satisficer,post,,,0,0,0,0.001,37.14
cell,8,satisficer_93,Satisficer,post,,,0,0,0,0.001,37.14
cell,8,satisficer_94,Satisficer,post,,,0,0,0,0.001,37.14
cell,8,satisficer_95,Satisficer,post,,,0,0,0,0.001,37.14
cell,8,satisficer_96,Satisficer,post,,,0,0,0,0.001,37.14
cell,8,satisficer_97,Satisficer,post,,,0,0,0,0.001,37.14
cell,8,satisficer_98,Satisficer,post,,,0,0,0,0.001,37.14
cell,8,satisficer_99,Satisficer,post,,,0,0,0,0.001,37.14
cell,9,satisficer_0,Satisficer,post,,,0,0,0,0.001,37.14
cell,9,satisficer_1,Satisficer,post,,,0,0,0,0.001,37.14
cell,9,satisficer_2,Satisficer,post,,,0,0,0,0.001,37.14
cell,9,satisficer_3,Satisficer,post,,,0,0,0,0.001,37.14
cell,9,satisficer_4,Satisficer,post,,,0,0,0,0.001,37.14
cell,9,satisficer_5,Satisficer,post,,,0,0,0,0.001,37.14
cell,9,satisficer_6,Satisficer,post,,,0,0,0,0.001,37.14
cell,9,satisficer_7,Satisficer,post,,,0,0,0,0.001,37.14
cell,9,satisficer_8,Satisficer,post,,,0,0,0,0.001,37.14
cell,9,satisficer_9,Satisficer,post,,,0,0,0,0.001,37.14
cell,9,satisficer_10,Satisficer,post,,,0,0,0,0.001,37.14
cell,9,satisficer_11,Satisficer,post,,,0,0,0,0.001,37.14
cell,9,satisficer_12,Satisficer,post,,,0,0,0,0.001,37.14
cell,9,satisficer_13,Satisficer,post,,,0,0,0,0.001,37.14
cell,9,satisficer_14,Satisficer,post,,,0,0,0,0.001,37.14
cell,9,satisficer_15,Satisficer,post,,,0,0,0,0.001,37.14
cell,9,satisficer_16,Satisficer,post,,,0,0,0,0.001,37.14
cell,9,satisficer_17,Satisficer,post,,,0,0,0,0.001,37.14
cell,9,satisficer_18,Satisficer,post,,,0,0,0,0.001,37.14
cell,9,satisficer_19,Satisficer,post,,,0,0,0,0.001,37.14
cell,9,satisficer_20,Satisficer,post,,,0,0,0,0.001,37.14
cell,9,satisficer_21,Satisficer,post,,,0,0,0,0.001,37.14
cell,9,satisficer_22,Satisficer,post,,,0,0,0,0.001,37.14
cell,9,satisficer_23,Satisficer,post,,,0,0,0,0.001,37.14
cell,9,satisficer_24,Satisficer,post,,,0,0,0,0.001,37.14
cell,9,satisficer_25,Satisficer,post,,,0,0,0,0.001,37.14
cell,9,satisficer_26,Satisficer,post,,,0,0,0,0.001,37.14
cell,9,satisficer_27,Satisficer,post,,,0,0,0,0.001,37.14
cell,9,satisficer_28,Satisficer,post,,,0,0,0,0.001,37.14
cell,9,satisficer_29,Satisficer,post,,,0,0,0,0.001,37.14
cell,9,satisficer_30,Satisficer,post,,,0,0,0,0.001,37.14
cell,9,satisficer_31,Satisficer,post,,,0,0,0,0.001,37.14
cell,9,satisficer_32,Satisficer,post,,,0,0,0,0.001,37.14
cell,9,satisficer_33,Satisficer,post,,,0,0,0,0.001,37.14
cell,9,satisficer_34,Satisficer,post,,,0,0,0,0.001,37.14
cell,9,satisficer_35,Satisficer,post,,,0,0,0,0.001,37.14
cell,9,satisficer_36,Satisficer,post,,,0,0,0,0.001,37.14
cell,9,satisficer_37,Satisficer,post,,,0,0,0,0.001,37.14
cell,9,satisficer_38,Satisficer,post,,,0,0,0,0.001,37.14
cell,9,satisficer_39,Satisficer,post,,,0,0,0,0.001,37.14
cell,9,satisficer_40,Satisficer,post,,,0,0,0,0.001,37.14
cell,9,satisficer_41,Satisficer,post,,,0,0,0,0.001,37.14
cell,9,satisficer_42,Satisficer,post,,,0,0,0,0.001,37.14
cell,9,satisficer_43,Satisficer,post,,,0,0,0,0.001,37.14
cell,9,satisficer_44,Satisficer,post,,,0,0,0,0.001,37.14
cell,9,satisficer_45,Satisficer,post,,,0,0,0,0.001,37.14
cell,9,satisficer_46,Satisficer,post,,,0,0,0,0.001,37.14
cell,9,satisficer_47,Satisficer,post,,,0,0,0,0.001,37.14
cell,9,satisficer_48,Satisficer,post,,,0,0,0,0.001,37.14
cell,9,satisficer_49,Satisficer,post,,,0,0,0,0.001,37.14
cell,9,satisficer_50,Satisficer,post,,,0,0,0,0.001,37.14
cell,9,satisficer_51,Satisficer,post,,,0,0,0,0.001,37.14
cell,9,satisficer_52,Satisficer,post,,,0,0,0,0.001,37.14
cell,9,satisficer_53,Satisficer,post,,,0,0,0,0.001,37.14
cell,9,satisficer_54,Satisficer,post,,,0,0,0,0.001,37.14
cell,9,satisficer_55,Satisficer,post,,,0,0,0,0.001,37.14
cell,9,satisficer_56,Satisficer,post,,,0,0,0,0.001,37.14
cell,9,satisficer_57,Satisficer,post,,,0,0,0,0.001,37.14
cell,9,satisficer_58,Satisficer,post,,,0,0,0,0.001,37.14
cell,9,satisficer_59,Satisficer,post,,,0,0,0,0.001,37.14
cell,9,satisficer_60,Satisficer,post,,,0,0,0,0.001,37.14
cell,9,satisficer_61,Satisficer,post,,,0,0,0,0.001,37.14
cell,9,satisficer_62,Satisficer,post,,,0,0,0,0.001,37.14
cell,9,satisficer_63,Satisficer,post,,,0,0,0,0.001,37.14
cell,9,satisficer_64,Satisficer,post,,,0,0,0,0.001,37.14
cell,9,satisficer_65,Satisficer,post,,,0,0,0,0.001,37.14
cell,9,satisficer_66,Satisficer,post,,,0,0,0,0.001,37.14
cell,9,satisficer_67,Satisficer,post,,,0,0,0,0.001,37.14
cell,9,satisficer_68,Satisficer,post,,,0,0,0,0.001,37.14
cell,9,satisficer_69,Satisficer,post,,,0,0,0,0.001,37.14
cell,9,satisficer_70,Satisficer,post,,,0,0,0,0.001,37.14
cell,9,satisficer_71,Satisficer,post,,,0,0,0,0.001,37.14
cell,9,satisficer_72,Satisficer,post,,,0,0,0,0.001,37.14
cell,9,satisficer_73,Satisficer,post,,,0,0,0,0.001,37.14
cell,9,satisficer_74,Satisficer,post,,,0,0,0,0.001,37.14
cell,9,satisficer_75,Satisficer,post,,,0,0,0,0.001,37.14
cell,9,satisficer_76,Satisficer,post,,,0,0,0,0.001,37.14
cell,9,satisficer_77,Satisficer,post,,,0,0,0,0.001,37.14
cell,9,satisficer_78,Satisficer,post,,,0,0,0,0.001,37.14
cell,9,satisficer_79,Satisficer,post,,,0,0,0,0.001,37.14
cell,9,satisficer_80,Satisficer,post,,,0,0,0,0.001,37.14
cell,9,satisficer_81,Satisficer,post,,,0,0,0,0.001,37.14
cell,9,satisficer_82,Satisficer,post,,,0,0,0,0.001,37.14
cell,9,satisficer_83,Satisficer,post,,,0,0,0,0.001,37.14
cell,9,satisficer_84,Satisficer,post,,,0,0,0,0.001,37.14
cell,9,satisficer_85,Satisficer,post,,,0,0,0,0.001,37.14
cell,9,satisficer_86,Satisficer,post,,,0,0,0,0.001,37.14
cell,9,satisficer_87,Satisficer,post,,,0,0,0,0.001,37.14
cell,9,satisficer_88,Satisficer,post,,,0,0,0,0.001,37.14
cell,9,satisficer_89,Satisficer,post,,,0,0,0,0.001,37.14
cell,9,satisficer_90,Satisficer,post,,,0,0,0,0.001,37.14
cell,9,satisficer_91,Satisficer,post,,,0,0,0,0.001,37.14
cell,9,satisficer_92,Satisficer,post,,,0,0,0,0.001,37.14
cell,9,satisficer_93,Satisficer,post,,,0,0,0,0.001,37.14
cell,9,satisficer_94,Satisficer,post,,,0,0,0,0.001,37.14
cell,9,satisficer_95,Satisficer,post,,,0,0,0,0.001,37.14
cell,9,satisficer_96,Satisficer,post,,,0,0,0,0.001,37.14
cell,9,satisficer_97,Satisficer,post,,,0,0,0,0.001,37.14
cell,9,satisficer_98,Satisficer,post,,,0,0,0,0.001,37.14
cell,9,satisficer_99,Satisficer,post,,,0,0,0,0.001,37.14
cell,10,satisficer_0,Satisficer,post,,,0,0,0,0.002,37.14
cell,10,satisficer_1,Satisficer,post,,,0,0,0,0.002,37.14
cell,10,satisficer_2,Satisficer,post,,,0,0,0,0.002,37.14
cell,10,satisficer_3,Satisficer,post,,,0,0,0,0.002,37.14
cell,10,satisficer_4,Satisficer,post,,,0,0,0,0.002,37.14
cell,10,satisficer_5,Satisficer,post,,,0,0,0,0.002,37.14
cell,10,satisficer_6,Satisficer,post,,,0,0,0,0.002,37.14
cell,10,satisficer_7,Satisficer,post,,,0,0,0,0.002,37.14
cell,10,satisficer_8,Satisficer,post,,,0,0,0,0.010,37.14
cell,10,satisficer_9,Satisficer,post,,,0,0,0,0.002,37.14
cell,10,satisficer_10,Satisficer,post,,,0,0,0,0.002,37.14
cell,10,satisficer_11,Satisficer,post,,,0,0,0,0.010,37.14
cell,10,satisficer_12,Satisficer,post,,,0,0,0,0.010,37.14
cell,10,satisficer_13,Satisficer,post,,,0,0,0,0.002,37.14
cell,10,satisficer_14,Satisficer,post,,,0,0,0,0.013,37.14
cell,10,satisficer_15,Satisficer,post,,,0,0,0,0.002,37.14
cell,10,satisficer_16,Satisficer,post,,,0,0,0,0.003,37.14
cell,10,satisficer_17,Satisficer,post,,,0,0,0,0.002,37.14
cell,10,satisficer_18,Satisficer,post,,,0,0,0,0.002,37.14
cell,10,satisficer_19,Satisficer,post,,,0,0,0,0.002,37.14
cell,10,satisficer_20,Satisficer,post,,,0,0,0,0.002,37.14
cell,10,satisficer_21,Satisficer,post,,,0,0,0,0.002,37.14
cell,10,satisficer_22,Satisficer,post,,,0,0,0,0.002,37.14
cell,10,satisficer_23,Satisficer,post,,,0,0,0,0.010,37.14
cell,10,satisficer_24,Satisficer,post,,,0,0,0,0.002,37.14
cell,10,satisficer_25,Satisficer,post,,,0,0,0,0.002,37.14
cell,10,satisficer_26,Satisficer,post,,,0,0,0,0.001,37.14
cell,10,satisficer_27,Satisficer,post,,,0,0,0,0.001,37.14
cell,10,satisficer_28,Satisficer,post,,,0,0,0,0.002,37.14
cell,10,satisficer_29,Satisficer,post,,,0,0,0,0.010,37.14
cell,10,satisficer_30,Satisficer,post,,,0,0,0,0.002,37.14
cell,10,satisficer_31,Satisficer,post,,,0,0,0,0.002,37.14
cell,10,satisficer_32,Satisficer,post,,,0,0,0,0.003,37.14
cell,10,satisficer_33,Satisficer,post,,,0,0,0,0.011,37.14
cell,10,satisficer_34,Satisficer,post,,,0,0,0,0.010,37.14
cell,10,satisficer_35,Satisficer,post,,,0,0,0,0.002,37.14
cell,10,satisficer_36,Satisficer,post,,,0,0,0,0.002,37.14
cell,10,satisficer_37,Satisficer,post,,,0,0,0,0.002,37.14
cell,10,satisficer_38,Satisficer,post,,,0,0,0,0.002,37.14
cell,10,satisficer_39,Satisficer,post,,,0,0,0,0.013,37.14
cell,10,satisficer_40,Satisficer,post,,,0,0,0,0.002,37.14
cell,10,satisficer_41,Satisficer,post,,,0,0,0,0.002,37.14
cell,10,satisficer_42,Satisficer,post,,,0,0,0,0.002,37.14
cell,10,satisficer_43,Satisficer,post,,,0,0,0,0.002,37.14
cell,10,satisficer_44,Satisficer,post,,,0,0,0,0.002,37.14
cell,10,satisficer_45,Satisficer,post,,,0,0,0,0.002,37.14
cell,10,satisficer_46,Satisficer,post,,,0,0,0,0.002,37.14
cell,10,satisficer_47,Satisficer,post,,,0,0,0,0.002,37.14
cell,10,satisficer_48,Satisficer,post,,,0,0,0,0.002,37.14
cell,10,satisficer_49,Satisficer,post,,,0,0,0,0.001,37.14
cell,10,satisficer_50,Satisficer,post,,,0,0,0,0.002,37.14
cell,10,satisficer_51,Satisficer,post,,,0,0,0,0.002,37.14
cell,10,satisficer_52,Satisficer,post,,,0,0,0,0.010,37.14
cell,10,satisficer_53,Satisficer,post,,,0,0,0,0.002,37.14
cell,10,satisficer_54,Satisficer,post,,,0,0,0,0.002,37.14
cell,10,satisficer_55,Satisficer,post,,,0,0,0,0.010,37.14
cell,10,satisficer_56,Satisficer,post,,,0,0,0,0.002,37.14
cell,10,satisficer_57,Satisficer,post,,,0,0,0,0.002,37.14
cell,10,satisficer_58,Satisficer,post,,,0,0,0,0.002,37.14
cell,10,satisficer_59,Satisficer,post,,,0,0,0,0.002,37.14
cell,10,satisficer_60,Satisficer,post,,,0,0,0,0.001,37.14
cell,10,satisficer_61,Satisficer,post,,,0,0,0,0.002,37.14
cell,10,satisficer_62,Satisficer,post,,,0,0,0,0.001,37.14
cell,10,satisficer_63,Satisficer,post,,,0,0,0,0.002,37.14
cell,10,satisficer_64,Satisficer,post,,,0,0,0,0.002,37.14
cell,10,satisficer_65,Satisficer,post,,,0,0,0,0.002,37.14
cell,10,satisficer_66,Satisficer,post,,,0,0,0,0.001,37.14
cell,10,satisficer_67,Satisficer,post,,,0,0,0,0.002,37.14
cell,10,satisficer_68,Satisficer,post,,,0,0,0,0.002,37.14
cell,10,satisficer_69,Satisficer,post,,,0,0,0,0.001,37.14
cell,10,satisficer_70,Satisficer,post,,,0,0,0,0.010,37.14
cell,10,satisficer_71,Satisficer,post,,,0,0,0,0.002,37.14
cell,10,satisficer_72,Satisficer,post,,,0,0,0,0.002,37.14
cell,10,satisficer_73,Satisficer,post,,,0,0,0,0.002,37.14
cell,10,satisficer_74,Satisficer,post,,,0,0,0,0.002,37.14
cell,10,satisficer_75,Satisficer,post,,,0,0,0,0.002,37.14
cell,10,satisficer_76,Satisficer,post,,,0,0,0,0.001,37.14
cell,10,satisficer_77,Satisficer,post,,,0,0,0,0.002,37.14
cell,10,satisficer_78,Satisficer,post,,,0,0,0,0.001,37.14
cell,10,satisficer_79,Satisficer,post,,,0,0,0,0.002,37.14
cell,10,satisficer_80,Satisficer,post,,,0,0,0,0.002,37.14
cell,10,satisficer_81,Satisficer,post,,,0,0,0,0.001,37.14
cell,10,satisficer_82,Satisficer,post,,,0,0,0,0.010,37.14
cell,10,satisficer_83,Satisficer,post,,,0,0,0,0.002,37.14
cell,10,satisficer_84,Satisficer,post,,,0,0,0,0.001,37.14
cell,10,satisficer_85,Satisficer,post,,,0,0,0,0.001,37.14
cell,10,satisficer_86,Satisficer,post,,,0,0,0,0.002,37.14
cell,10,satisficer_87,Satisficer,post,,,0,0,0,0.002,37.14
cell,10,satisficer_88,Satisficer,post,,,0,0,0,0.002,37.14
cell,10,satisficer_89,Satisficer,post,,,0,0,0,0.002,37.14
cell,10,satisficer_90,Satisficer,post,,,0,0,0,0.002,37.14
cell,10,satisficer_91,Satisficer,post,,,0,0,0,0.002,37.14
cell,10,satisficer_92,Satisficer,post,,,0,0,0,0.002,37.14
cell,10,satisficer_93,Satisficer,post,,,0,0,0,0.002,37.14
cell,10,satisficer_94,Satisficer,post,,,0,0,0,0.002,37.14
cell,10,satisficer_95,Satisficer,post,,,0,0,0,0.002,37.14
cell,10,satisficer_96,Satisficer,post,,,0,0,0,0.002,37.14
cell,10,satisficer_97,Satisficer,post,,,0,0,0,0.001,37.14
cell,10,satisficer_98,Satisficer,post,,,0,0,0,0.001,37.14
cell,10,satisficer_99,Satisficer,post,,,0,0,0,0.002,37.14
cell,11,satisficer_0,Satisficer,post,,,0,0,0,0.001,37.14
cell,11,satisficer_1,Satisficer,post,,,0,0,0,0.001,37.14
cell,11,satisficer_2,Satisficer,post,,,0,0,0,0.001,37.14
cell,11,satisficer_3,Satisficer,post,,,0,0,0,0.001,37.14
cell,11,satisficer_4,Satisficer,post,,,0,0,0,0.001,37.14
cell,11,satisficer_5,Satisficer,post,,,0,0,0,0.001,37.14
cell,11,satisficer_6,Satisficer,post,,,0,0,0,0.001,37.14
cell,11,satisficer_7,Satisficer,post,,,0,0,0,0.001,37.14
cell,11,satisficer_8,Satisficer,post,,,0,0,0,0.001,37.14
cell,11,satisficer_9,Satisficer,post,,,0,0,0,0.001,37.14
cell,11,satisficer_10,Satisficer,post,,,0,0,0,0.001,37.14
cell,11,satisficer_11,Satisficer,post,,,0,0,0,0.002,37.14
cell,11,satisficer_12,Satisficer,post,,,0,0,0,0.001,37.14
cell,11,satisficer_13,Satisficer,post,,,0,0,0,0.001,37.14
cell,11,satisficer_14,Satisficer,post,,,0,0,0,0.001,37.14
cell,11,satisficer_15,Satisficer,post,,,0,0,0,0.001,37.14
cell,11,satisficer_16,Satisficer,post,,,0,0,0,0.001,37.14
cell,11,satisficer_17,Satisficer,post,,,0,0,0,0.001,37.14
cell,11,satisficer_18,Satisficer,post,,,0,0,0,0.001,37.14
cell,11,satisficer_19,Satisficer,post,,,0,0,0,0.001,37.14
cell,11,satisficer_20,Satisficer,post,,,0,0,0,0.001,37.14
cell,11,satisficer_21,Satisficer,post,,,0,0,0,0.001,37.14
cell,11,satisficer_22,Satisficer,post,,,0,0,0,0.001,37.14
cell,11,satisficer_23,Satisficer,post,,,0,0,0,0.001,37.14
cell,11,satisficer_24,Satisficer,post,,,0,0,0,0.001,37.14
cell,11,satisficer_25,Satisficer,post,,,0,0,0,0.001,37.14
cell,11,satisficer_26,Satisficer,post,,,0,0,0,0.001,37.14
cell,11,satisficer_27,Satisficer,post,,,0,0,0,0.001,37.14
cell,11,satisficer_28,Satisficer,post,,,0,0,0,0.001,37.14
cell,11,satisficer_29,Satisficer,post,,,0,0,0,0.001,37.14
cell,11,satisficer_30,Satisficer,post,,,0,0,0,0.001,37.14
cell,11,satisficer_31,Satisficer,post,,,0,0,0,0.001,37.14
cell,11,satisficer_32,Satisficer,post,,,0,0,0,0.001,37.14
cell,11,satisficer_33,Satisficer,post,,,0,0,0,0.001,37.14
cell,11,satisficer_34,Satisficer,post,,,0,0,0,0.001,37.14
cell,11,satisficer_35,Satisficer,post,,,0,0,0,0.001,37.14
cell,11,satisficer_36,Satisficer,post,,,0,0,0,0.001,37.14
cell,11,satisficer_37,Satisficer,post,,,0,0,0,0.001,37.14
cell,11,satisficer_38,Satisficer,post,,,0,0,0,0.001,37.14
cell,11,satisficer_39,Satisficer,post,,,0,0,0,0.001,37.14
cell,11,satisficer_40,Satisficer,post,,,0,0,0,0.001,37.14
cell,11,satisficer_41,Satisficer,post,,,0,0,0,0.001,37.14
cell,11,satisficer_42,Satisficer,post,,,0,0,0,0.001,37.14
cell,11,satisficer_43,Satisficer,post,,,0,0,0,0.001,37.14
cell,11,satisficer_44,Satisficer,post,,,0,0,0,0.001,37.14
cell,11,satisficer_45,Satisficer,post,,,0,0,0,0.001,37.14
cell,11,satisficer_46,Satisficer,post,,,0,0,0,0.001,37.14
cell,11,satisficer_47,Satisficer,post,,,0,0,0,0.001,37.14
cell,11,satisficer_48,Satisficer,post,,,0,0,0,0.001,37.14
cell,11,satisficer_49,Satisficer,post,,,0,0,0,0.001,37.14
cell,11,satisficer_50,Satisficer,post,,,0,0,0,0.001,37.14
cell,11,satisficer_51,Satisficer,post,,,0,0,0,0.001,37.14
cell,11,satisficer_52,Satisficer,post,,,0,0,0,0.001,37.14
cell,11,satisficer_53,Satisficer,post,,,0,0,0,0.001,37.14
cell,11,satisficer_54,Satisficer,post,,,0,0,0,0.001,37.14
cell,11,satisficer_55,Satisficer,post,,,0,0,0,0.001,37.14
cell,11,satisficer_56,Satisficer,post,,,0,0,0,0.001,37.14
cell,11,satisficer_57,Satisficer,post,,,0,0,0,0.001,37.14
cell,11,satisficer_58,Satisficer,post,,,0,0,0,0.001,37.14
cell,11,satisficer_59,Satisficer,post,,,0,0,0,0.001,37.14
cell,11,satisficer_60,Satisficer,post,,,0,0,0,0.001,37.14
cell,11,satisficer_61,Satisficer,post,,,0,0,0,0.001,37.14
cell,11,satisficer_62,Satisficer,post,,,0,0,0,0.001,37.14
cell,11,satisficer_63,Satisficer,post,,,0,0,0,0.001,37.14
cell,11,satisficer_64,Satisficer,post,,,0,0,0,0.001,37.14
cell,11,satisficer_65,Satisficer,post,,,0,0,0,0.001,37.14
cell,11,satisficer_66,Satisficer,post,,,0,0,0,0.001,37.14
cell,11,satisficer_67,Satisficer,post,,,0,0,0,0.001,37.14
cell,11,satisficer_68,Satisficer,post,,,0,0,0,0.001,37.14
cell,11,satisficer_69,Satisficer,post,,,0,0,0,0.001,37.14
cell,11,satisficer_70,Satisficer,post,,,0,0,0,0.001,37.14
cell,11,satisficer_71,Satisficer,post,,,0,0,0,0.001,37.14
cell,11,satisficer_72,Satisficer,post,,,0,0,0,0.001,37.14
cell,11,satisficer_73,Satisficer,post,,,0,0,0,0.001,37.14
cell,11,satisficer_74,Satisficer,post,,,0,0,0,0.001,37.14
cell,11,satisficer_75,Satisficer,post,,,0,0,0,0.001,37.14
cell,11,satisficer_76,Satisficer,post,,,0,0,0,0.001,37.14
cell,11,satisficer_77,Satisficer,post,,,0,0,0,0.001,37.14
cell,11,satisficer_78,Satisficer,post,,,0,0,0,0.001,37.14
cell,11,satisficer_79,Satisficer,post,,,0,0,0,0.001,37.14
cell,11,satisficer_80,Satisficer,post,,,0,0,0,0.001,37.14
cell,11,satisficer_81,Satisficer,post,,,0,0,0,0.001,37.14
cell,11,satisficer_82,Satisficer,post,,,0,0,0,0.001,37.14
cell,11,satisficer_83,Satisficer,post,,,0,0,0,0.001,37.14
cell,11,satisficer_84,Satisficer,post,,,0,0,0,0.001,37.14
cell,11,satisficer_85,Satisficer,post,,,0,0,0,0.001,37.14
cell,11,satisficer_86,Satisficer,post,,,0,0,0,0.001,37.14
cell,11,satisficer_87,Satisficer,post,,,0,0,0,0.001,37.14
cell,11,satisficer_88,Satisficer,post,,,0,0,0,0.001,37.14
cell,11,satisficer_89,Satisficer,post,,,0,0,0,0.001,37.14
cell,11,satisficer_90,Satisficer,post,,,0,0,0,0.001,37.14
cell,11,satisficer_91,Satisficer,post,,,0,0,0,0.001,37.14
cell,11,satisficer_92,Satisficer,post,,,0,0,0,0.001,37.14
cell,11,satisficer_93,Satisficer,post,,,0,0,0,0.001,37.14
cell,11,satisficer_94,Satisficer,post,,,0,0,0,0.001,37.14
cell,11,satisficer_95,Satisficer,post,,,0,0,0,0.001,37.14
cell,11,satisficer_96,Satisficer,post,,,0,0,0,0.001,37.14
cell,11,satisficer_97,Satisficer,post,,,0,0,0,0.001,37.14
cell,11,satisficer_98,Satisficer,post,,,0,0,0,0.001,37.14
cell,11,satisficer_99,Satisficer,post,,,0,0,0,0.001,37.14
cell,12,satisficer_0,Satisficer,post,,,0,0,0,0.001,37.14
cell,12,satisficer_1,Satisficer,post,,,0,0,0,0.001,37.14
cell,12,satisficer_2,Satisficer,post,,,0,0,0,0.001,37.14
cell,12,satisficer_3,Satisficer,post,,,0,0,0,0.001,37.14
cell,12,satisficer_4,Satisficer,post,,,0,0,0,0.001,37.14
cell,12,satisficer_5,Satisficer,post,,,0,0,0,0.001,37.14
cell,12,satisficer_6,Satisficer,post,,,0,0,0,0.001,37.14
cell,12,satisficer_7,Satisficer,post,,,0,0,0,0.001,37.14
cell,12,satisficer_8,Satisficer,post,,,0,0,0,0.001,37.14
cell,12,satisficer_9,Satisficer,post,,,0,0,0,0.001,37.14
cell,12,satisficer_10,Satisficer,post,,,0,0,0,0.001,37.14
cell,12,satisficer_11,Satisficer,post,,,0,0,0,0.001,37.14
cell,12,satisficer_12,Satisficer,post,,,0,0,0,0.001,37.14
cell,12,satisficer_13,Satisficer,post,,,0,0,0,0.001,37.14
cell,12,satisficer_14,Satisficer,post,,,0,0,0,0.001,37.14
cell,12,satisficer_15,Satisficer,post,,,0,0,0,0.001,37.14
cell,12,satisficer_16,Satisficer,post,,,0,0,0,0.001,37.14
cell,12,satisficer_17,Satisficer,post,,,0,0,0,0.001,37.14
cell,12,satisficer_18,Satisficer,post,,,0,0,0,0.001,37.14
cell,12,satisficer_19,Satisficer,post,,,0,0,0,0.001,37.14
cell,12,satisficer_20,Satisficer,post,,,0,0,0,0.001,37.14
cell,12,satisficer_21,Satisficer,post,,,0,0,0,0.001,37.14
cell,12,satisficer_22,Satisficer,post,,,0,0,0,0.001,37.14
cell,12,satisficer_23,Satisficer,post,,,0,0,0,0.001,37.14
cell,12,satisficer_24,Satisficer,post,,,0,0,0,0.001,37.14
cell,12,satisficer_25,Satisficer,post,,,0,0,0,0.001,37.14
cell,12,satisficer_26,Satisficer,post,,,0,0,0,0.001,37.14
cell,12,satisficer_27,Satisficer,post,,,0,0,0,0.001,37.14
cell,12,satisficer_28,Satisficer,post,,,0,0,0,0.001,37.14
cell,12,satisficer_29,Satisficer,post,,,0,0,0,0.001,37.14
cell,12,satisficer_30,Satisficer,post,,,0,0,0,0.001,37.14
cell,12,satisficer_31,Satisficer,post,,,0,0,0,0.001,37.14
cell,12,satisficer_32,Satisficer,post,,,0,0,0,0.001,37.14
cell,12,satisficer_33,Satisficer,post,,,0,0,0,0.001,37.14
cell,12,satisficer_34,Satisficer,post,,,0,0,0,0.001,37.14
cell,12,satisficer_35,Satisficer,post,,,0,0,0,0.001,37.14
cell,12,satisficer_36,Satisficer,post,,,0,0,0,0.001,37.14
cell,12,satisficer_37,Satisficer,post,,,0,0,0,0.001,37.14
cell,12,satisficer_38,Satisficer,post,,,0,0,0,0.001,37.14
cell,12,satisficer_39,Satisficer,post,,,0,0,0,0.001,37.14
cell,12,satisficer_40,Satisficer,post,,,0,0,0,0.001,37.14
cell,12,satisficer_41,Satisficer,post,,,0,0,0,0.001,37.14
cell,12,satisficer_42,Satisficer,post,,,0,0,0,0.001,37.14
cell,12,satisficer_43,Satisficer,post,,,0,0,0,0.001,37.14
cell,12,satisficer_44,Satisficer,post,,,0,0,0,0.001,37.14
cell,12,satisficer_45,Satisficer,post,,,0,0,0,0.001,37.14
cell,12,satisficer_46,Satisficer,post,,,0,0,0,0.001,37.14
cell,12,satisficer_47,Satisficer,post,,,0,0,0,0.001,37.14
cell,12,satisficer_48,Satisficer,post,,,0,0,0,0.001,37.14
cell,12,satisficer_49,Satisficer,post,,,0,0,0,0.001,37.14
cell,12,satisficer_50,Satisficer,post,,,0,0,0,0.001,37.14
cell,12,satisficer_51,Satisficer,post,,,0,0,0,0.001,37.14
cell,12,satisficer_52,Satisficer,post,,,0,0,0,0.001,37.14
cell,12,satisficer_53,Satisficer,post,,,0,0,0,0.001,37.14
cell,12,satisficer_54,Satisficer,post,,,0,0,0,0.001,37.14
cell,12,satisficer_55,Satisficer,post,,,0,0,0,0.001,37.14
cell,12,satisficer_56,Satisficer,post,,,0,0,0,0.001,37.14
cell,12,satisficer_57,Satisficer,post,,,0,0,0,0.001,37.14
cell,12,satisficer_58,Satisficer,post,,,0,0,0,0.001,37.14
cell,12,satisficer_59,Satisficer,post,,,0,0,0,0.001,37.14
cell,12,satisficer_60,Satisficer,post,,,0,0,0,0.001,37.14
cell,12,satisficer_61,Satisficer,post,,,0,0,0,0.001,37.14
cell,12,satisficer_62,Satisficer,post,,,0,0,0,0.001,37.14
cell,12,satisficer_63,Satisficer,post,,,0,0,0,0.001,37.14
cell,12,satisficer_64,Satisficer,post,,,0,0,0,0.001,37.14
cell,12,satisficer_65,Satisficer,post,,,0,0,0,0.001,37.14
cell,12,satisficer_66,Satisficer,post,,,0,0,0,0.001,37.14
cell,12,satisficer_67,Satisficer,post,,,0,0,0,0.001,37.14
cell,12,satisficer_68,Satisficer,post,,,0,0,0,0.001,37.14
cell,12,satisficer_69,Satisficer,post,,,0,0,0,0.001,37.14
cell,12,satisficer_70,Satisficer,post,,,0,0,0,0.001,37.14
cell,12,satisficer_71,Satisficer,post,,,0,0,0,0.001,37.14
cell,12,satisficer_72,Satisficer,post,,,0,0,0,0.001,37.14
cell,12,satisficer_73,Satisficer,post,,,0,0,0,0.001,37.14
cell,12,satisficer_74,Satisficer,post,,,0,0,0,0.009,37.14
cell,12,satisficer_75,Satisficer,post,,,0,0,0,0.001,37.14
cell,12,satisficer_76,Satisficer,post,,,0,0,0,0.001,37.14
cell,12,satisficer_77,Satisficer,post,,,0,0,0,0.001,37.14
cell,12,satisficer_78,Satisficer,post,,,0,0,0,0.001,37.14
cell,12,satisficer_79,Satisficer,post,,,0,0,0,0.001,37.14
cell,12,satisficer_80,Satisficer,post,,,0,0,0,0.001,37.14
cell,12,satisficer_81,Satisficer,post,,,0,0,0,0.001,37.14
cell,12,satisficer_82,Satisficer,post,,,0,0,0,0.001,37.14
cell,12,satisficer_83,Satisficer,post,,,0,0,0,0.001,37.14
cell,12,satisficer_84,Satisficer,post,,,0,0,0,0.001,37.14
cell,12,satisficer_85,Satisficer,post,,,0,0,0,0.001,37.14
cell,12,satisficer_86,Satisficer,post,,,0,0,0,0.001,37.14
cell,12,satisficer_87,Satisficer,post,,,0,0,0,0.001,37.14
cell,12,satisficer_88,Satisficer,post,,,0,0,0,0.001,37.14
cell,12,satisficer_89,Satisficer,post,,,0,0,0,0.001,37.14
cell,12,satisficer_90,Satisficer,post,,,0,0,0,0.001,37.14
cell,12,satisficer_91,Satisficer,post,,,0,0,0,0.001,37.14
cell,12,satisficer_92,Satisficer,post,,,0,0,0,0.001,37.14
cell,12,satisficer_93,Satisficer,post,,,0,0,0,0.001,37.14
cell,12,satisficer_94,Satisficer,post,,,0,0,0,0.001,37.14
cell,12,satisficer_95,Satisficer,post,,,0,0,0,0.001,37.14
cell,12,satisficer_96,Satisficer,post,,,0,0,0,0.001,37.14
cell,12,satisficer_97,Satisficer,post,,,0,0,0,0.001,37.14
cell,12,satisficer_98,Satisficer,post,,,0,0,0,0.001,37.14
cell,12,satisficer_99,Satisficer,post,,,0,0,0,0.001,37.14
cell,13,satisficer_0,Satisficer,post,,,0,0,0,0.001,37.14
cell,13,satisficer_1,Satisficer,post,,,0,0,0,0.001,37.14
cell,13,satisficer_2,Satisficer,post,,,0,0,0,0.001,37.14
cell,13,satisficer_3,Satisficer,post,,,0,0,0,0.001,37.14
cell,13,satisficer_4,Satisficer,post,,,0,0,0,0.001,37.14
cell,13,satisficer_5,Satisficer,post,,,0,0,0,0.001,37.14
cell,13,satisficer_6,Satisficer,post,,,0,0,0,0.001,37.14
cell,13,satisficer_7,Satisficer,post,,,0,0,0,0.001,37.14
cell,13,satisficer_8,Satisficer,post,,,0,0,0,0.001,37.14
cell,13,satisficer_9,Satisficer,post,,,0,0,0,0.001,37.14
cell,13,satisficer_10,Satisficer,post,,,0,0,0,0.001,37.14
cell,13,satisficer_11,Satisficer,post,,,0,0,0,0.001,37.14
cell,13,satisficer_12,Satisficer,post,,,0,0,0,0.001,37.14
cell,13,satisficer_13,Satisficer,post,,,0,0,0,0.001,37.14
cell,13,satisficer_14,Satisficer,post,,,0,0,0,0.001,37.14
cell,13,satisficer_15,Satisficer,post,,,0,0,0,0.001,37.14
cell,13,satisficer_16,Satisficer,post,,,0,0,0,0.001,37.14
cell,13,satisficer_17,Satisficer,post,,,0,0,0,0.001,37.14
cell,13,satisficer_18,Satisficer,post,,,0,0,0,0.001,37.14
cell,13,satisficer_19,Satisficer,post,,,0,0,0,0.001,37.14
cell,13,satisficer_20,Satisficer,post,,,0,0,0,0.009,37.14
cell,13,satisficer_21,Satisficer,post,,,0,0,0,0.001,37.14
cell,13,satisficer_22,Satisficer,post,,,0,0,0,0.001,37.14
cell,13,satisficer_23,Satisficer,post,,,0,0,0,0.001,37.14
cell,13,satisficer_24,Satisficer,post,,,0,0,0,0.001,37.14
cell,13,satisficer_25,Satisficer,post,,,0,0,0,0.001,37.14
cell,13,satisficer_26,Satisficer,post,,,0,0,0,0.001,37.14
cell,13,satisficer_27,Satisficer,post,,,0,0,0,0.001,37.14
cell,13,satisficer_28,Satisficer,post,,,0,0,0,0.001,37.14
cell,13,satisficer_29,Satisficer,post,,,0,0,0,0.001,37.14
cell,13,satisficer_30,Satisficer,post,,,0,0,0,0.001,37.14
cell,13,satisficer_31,Satisficer,post,,,0,0,0,0.001,37.14
cell,13,satisficer_32,Satisficer,post,,,0,0,0,0.001,37.14
cell,13,satisficer_33,Satisficer,post,,,0,0,0,0.001,37.14
cell,13,satisficer_34,Satisficer,post,,,0,0,0,0.001,37.14
cell,13,satisficer_35,Satisficer,post,,,0,0,0,0.001,37.14
cell,13,satisficer_36,Satisficer,post,,,0,0,0,0.001,37.14
cell,13,satisficer_37,Satisficer,post,,,0,0,0,0.001,37.14
cell,13,satisficer_38,Satisficer,post,,,0,0,0,0.001,37.14
cell,13,satisficer_39,Satisficer,post,,,0,0,0,0.001,37.14
cell,13,satisficer_40,Satisficer,post,,,0,0,0,0.001,37.14
cell,13,satisficer_41,Satisficer,post,,,0,0,0,0.001,37.14
cell,13,satisficer_42,Satisficer,post,,,0,0,0,0.001,37.14
cell,13,satisficer_43,Satisficer,post,,,0,0,0,0.001,37.14
cell,13,satisficer_44,Satisficer,post,,,0,0,0,0.001,37.14
cell,13,satisficer_45,Satisficer,post,,,0,0,0,0.001,37.14
cell,13,satisficer_46,Satisficer,post,,,0,0,0,0.001,37.14
cell,13,satisficer_47,Satisficer,post,,,0,0,0,0.001,37.14
cell,13,satisficer_48,Satisficer,post,,,0,0,0,0.001,37.14
cell,13,satisficer_49,Satisficer,post,,,0,0,0,0.001,37.14
cell,13,satisficer_50,Satisficer,post,,,0,0,0,0.001,37.14
cell,13,satisficer_51,Satisficer,post,,,0,0,0,0.001,37.14
cell,13,satisficer_52,Satisficer,post,,,0,0,0,0.001,37.14
cell,13,satisficer_53,Satisficer,post,,,0,0,0,0.001,37.14
cell,13,satisficer_54,Satisficer,post,,,0,0,0,0.001,37.14
cell,13,satisficer_55,Satisficer,post,,,0,0,0,0.001,37.14
cell,13,satisficer_56,Satisficer,post,,,0,0,0,0.001,37.14
cell,13,satisficer_57,Satisficer,post,,,0,0,0,0.001,37.14
cell,13,satisficer_58,Satisficer,post,,,0,0,0,0.001,37.14
cell,13,satisficer_59,Satisficer,post,,,0,0,0,0.001,37.14
cell,13,satisficer_60,Satisficer,post,,,0,0,0,0.001,37.14
cell,13,satisficer_61,Satisficer,post,,,0,0,0,0.001,37.14
cell,13,satisficer_62,Satisficer,post,,,0,0,0,0.001,37.14
cell,13,satisficer_63,Satisficer,post,,,0,0,0,0.001,37.14
cell,13,satisficer_64,Satisficer,post,,,0,0,0,0.001,37.14
cell,13,satisficer_65,Satisficer,post,,,0,0,0,0.001,37.14
cell,13,satisficer_66,Satisficer,post,,,0,0,0,0.001,37.14
cell,13,satisficer_67,Satisficer,post,,,0,0,0,0.001,37.14
cell,13,satisficer_68,Satisficer,post,,,0,0,0,0.001,37.14
cell,13,satisficer_69,Satisficer,post,,,0,0,0,0.001,37.14
cell,13,satisficer_70,Satisficer,post,,,0,0,0,0.001,37.14
cell,13,satisficer_71,Satisficer,post,,,0,0,0,0.001,37.14
cell,13,satisficer_72,Satisficer,post,,,0,0,0,0.001,37.14
cell,13,satisficer_73,Satisficer,post,,,0,0,0,0.001,37.14
cell,13,satisficer_74,Satisficer,post,,,0,0,0,0.001,37.14
cell,13,satisficer_75,Satisficer,post,,,0,0,0,0.001,37.14
cell,13,satisficer_76,Satisficer,post,,,0,0,0,0.001,37.14
cell,13,satisficer_77,Satisficer,post,,,0,0,0,0.001,37.14
cell,13,satisficer_78,Satisficer,post,,,0,0,0,0.001,37.14
cell,13,satisficer_79,Satisficer,post,,,0,0,0,0.001,37.14
cell,13,satisficer_80,Satisficer,post,,,0,0,0,0.001,37.14
cell,13,satisficer_81,Satisficer,post,,,0,0,0,0.001,37.14
cell,13,satisficer_82,Satisficer,post,,,0,0,0,0.001,37.14
cell,13,satisficer_83,Satisficer,post,,,0,0,0,0.001,37.14
cell,13,satisficer_84,Satisficer,post,,,0,0,0,0.001,37.14
cell,13,satisficer_85,Satisficer,post,,,0,0,0,0.001,37.14
cell,13,satisficer_86,Satisficer,post,,,0,0,0,0.001,37.14
cell,13,satisficer_87,Satisficer,post,,,0,0,0,0.001,37.14
cell,13,satisficer_88,Satisficer,post,,,0,0,0,0.001,37.14
cell,13,satisficer_89,Satisficer,post,,,0,0,0,0.001,37.14
cell,13,satisficer_90,Satisficer,post,,,0,0,0,0.001,37.14
cell,13,satisficer_91,Satisficer,post,,,0,0,0,0.001,37.14
cell,13,satisficer_92,Satisficer,post,,,0,0,0,0.001,37.14
cell,13,satisficer_93,Satisficer,post,,,0,0,0,0.001,37.14
cell,13,satisficer_94,Satisficer,post,,,0,0,0,0.001,37.14
cell,13,satisficer_95,Satisficer,post,,,0,0,0,0.001,37.14
cell,13,satisficer_96,Satisficer,post,,,0,0,0,0.001,37.14
cell,13,satisficer_97,Satisficer,post,,,0,0,0,0.001,37.14
cell,13,satisficer_98,Satisficer,post,,,0,0,0,0.001,37.14
cell,13,satisficer_99,Satisficer,post,,,0,0,0,0.001,37.14
cell,14,satisficer_0,Satisficer,post,,,0,0,0,0.001,37.14
cell,14,satisficer_1,Satisficer,post,,,0,0,0,0.001,37.14
cell,14,satisficer_2,Satisficer,post,,,0,0,0,0.001,37.14
cell,14,satisficer_3,Satisficer,post,,,0,0,0,0.001,37.14
cell,14,satisficer_4,Satisficer,post,,,0,0,0,0.001,37.14
cell,14,satisficer_5,Satisficer,post,,,0,0,0,0.001,37.14
cell,14,satisficer_6,Satisficer,post,,,0,0,0,0.001,37.14
cell,14,satisficer_7,Satisficer,post,,,0,0,0,0.001,37.14
cell,14,satisficer_8,Satisficer,post,,,0,0,0,0.001,37.14
cell,14,satisficer_9,Satisficer,post,,,0,0,0,0.001,37.14
cell,14,satisficer_10,Satisficer,post,,,0,0,0,0.001,37.14
cell,14,satisficer_11,Satisficer,post,,,0,0,0,0.001,37.14
cell,14,satisficer_12,Satisficer,post,,,0,0,0,0.001,37.14
cell,14,satisficer_13,Satisficer,post,,,0,0,0,0.001,37.14
cell,14,satisficer_14,Satisficer,post,,,0,0,0,0.001,37.14
cell,14,satisficer_15,Satisficer,post,,,0,0,0,0.001,37.14
cell,14,satisficer_16,Satisficer,post,,,0,0,0,0.001,37.14
cell,14,satisficer_17,Satisficer,post,,,0,0,0,0.001,37.14
cell,14,satisficer_18,Satisficer,post,,,0,0,0,0.001,37.14
cell,14,satisficer_19,Satisficer,post,,,0,0,0,0.001,37.14
cell,14,satisficer_20,Satisficer,post,,,0,0,0,0.001,37.14
cell,14,satisficer_21,Satisficer,post,,,0,0,0,0.001,37.14
cell,14,satisficer_22,Satisficer,post,,,0,0,0,0.001,37.14
cell,14,satisficer_23,Satisficer,post,,,0,0,0,0.001,37.14
cell,14,satisficer_24,Satisficer,post,,,0,0,0,0.001,37.14
cell,14,satisficer_25,Satisficer,post,,,0,0,0,0.001,37.14
cell,14,satisficer_26,Satisficer,post,,,0,0,0,0.001,37.14
cell,14,satisficer_27,Satisficer,post,,,0,0,0,0.001,37.14
cell,14,satisficer_28,Satisficer,post,,,0,0,0,0.001,37.14
cell,14,satisficer_29,Satisficer,post,,,0,0,0,0.001,37.14
cell,14,satisficer_30,Satisficer,post,,,0,0,0,0.001,37.14
cell,14,satisficer_31,Satisficer,post,,,0,0,0,0.001,37.14
cell,14,satisficer_32,Satisficer,post,,,0,0,0,0.001,37.14
cell,14,satisficer_33,Satisficer,post,,,0,0,0,0.001,37.14
cell,14,satisficer_34,Satisficer,post,,,0,0,0,0.001,37.14
cell,14,satisficer_35,Satisficer,post,,,0,0,0,0.001,37.14
cell,14,satisficer_36,Satisficer,post,,,0,0,0,0.001,37.14
cell,14,satisficer_37,Satisficer,post,,,0,0,0,0.001,37.14
cell,14,satisficer_38,Satisficer,post,,,0,0,0,0.001,37.14
cell,14,satisficer_39,Satisficer,post,,,0,0,0,0.001,37.14
cell,14,satisficer_40,Satisficer,post,,,0,0,0,0.001,37.14
cell,14,satisficer_41,Satisficer,post,,,0,0,0,0.001,37.14
cell,14,satisficer_42,Satisficer,post,,,0,0,0,0.001,37.14
cell,14,satisficer_43,Satisficer,post,,,0,0,0,0.001,37.14
cell,14,satisficer_44,Satisficer,post,,,0,0,0,0.001,37.14
cell,14,satisficer_45,Satisficer,post,,,0,0,0,0.001,37.14
cell,14,satisficer_46,Satisficer,post,,,0,0,0,0.001,37.14
cell,14,satisficer_47,Satisficer,post,,,0,0,0,0.001,37.14
cell,14,satisficer_48,Satisficer,post,,,0,0,0,0.001,37.14
cell,14,satisficer_49,Satisficer,post,,,0,0,0,0.001,37.14
cell,14,satisficer_50,Satisficer,post,,,0,0,0,0.001,37.14
cell,14,satisficer_51,Satisficer,post,,,0,0,0,0.001,37.14
cell,14,satisficer_52,Satisficer,post,,,0,0,0,0.001,37.14
cell,14,satisficer_53,Satisficer,post,,,0,0,0,0.001,37.14
cell,14,satisficer_54,Satisficer,post,,,0,0,0,0.001,37.14
cell,14,satisficer_55,Satisficer,post,,,0,0,0,0.001,37.14
cell,14,satisficer_56,Satisficer,post,,,0,0,0,0.001,37.14
cell,14,satisficer_57,Satisficer,post,,,0,0,0,0.001,37.14
cell,14,satisficer_58,Satisficer,post,,,0,0,0,0.001,37.14
cell,14,satisficer_59,Satisficer,post,,,0,0,0,0.001,37.14
cell,14,satisficer_60,Satisficer,post,,,0,0,0,0.001,37.14
cell,14,satisficer_61,Satisficer,post,,,0,0,0,0.001,37.14
cell,14,satisficer_62,Satisficer,post,,,0,0,0,0.001,37.14
cell,14,satisficer_63,Satisficer,post,,,0,0,0,0.001,37.14
cell,14,satisficer_64,Satisficer,post,,,0,0,0,0.001,37.14
cell,14,satisficer_65,Satisficer,post,,,0,0,0,0.001,37.14
cell,14,satisficer_66,Satisficer,post,,,0,0,0,0.001,37.14
cell,14,satisficer_67,Satisficer,post,,,0,0,0,0.001,37.14
cell,14,satisficer_68,Satisficer,post,,,0,0,0,0.001,37.14
cell,14,satisficer_69,Satisficer,post,,,0,0,0,0.001,37.14
cell,14,satisficer_70,Satisficer,post,,,0,0,0,0.001,37.14
cell,14,satisficer_71,Satisficer,post,,,0,0,0,0.001,37.14
cell,14,satisficer_72,Satisficer,post,,,0,0,0,0.001,37.14
cell,14,satisficer_73,Satisficer,post,,,0,0,0,0.001,37.14
cell,14,satisficer_74,Satisficer,post,,,0,0,0,0.001,37.14
cell,14,satisficer_75,Satisficer,post,,,0,0,0,0.001,37.14
cell,14,satisficer_76,Satisficer,post,,,0,0,0,0.001,37.14
cell,14,satisficer_77,Satisficer,post,,,0,0,0,0.001,37.14
cell,14,satisficer_78,Satisficer,post,,,0,0,0,0.001,37.14
cell,14,satisficer_79,Satisficer,post,,,0,0,0,0.001,37.14
cell,14,satisficer_80,Satisficer,post,,,0,0,0,0.001,37.14
cell,14,satisficer_81,Satisficer,post,,,0,0,0,0.001,37.14
cell,14,satisficer_82,Satisficer,post,,,0,0,0,0.001,37.14
cell,14,satisficer_83,Satisficer,post,,,0,0,0,0.001,37.14
cell,14,satisficer_84,Satisficer,post,,,0,0,0,0.001,37.14
cell,14,satisficer_85,Satisficer,post,,,0,0,0,0.001,37.14
cell,14,satisficer_86,Satisficer,post,,,0,0,0,0.001,37.14
cell,14,satisficer_87,Satisficer,post,,,0,0,0,0.001,37.14
cell,14,satisficer_88,Satisficer,post,,,0,0,0,0.001,37.14
cell,14,satisficer_89,Satisficer,post,,,0,0,0,0.001,37.14
cell,14,satisficer_90,Satisficer,post,,,0,0,0,0.001,37.14
cell,14,satisficer_91,Satisficer,post,,,0,0,0,0.001,37.14
cell,14,satisficer_92,Satisficer,post,,,0,0,0,0.001,37.14
cell,14,satisficer_93,Satisficer,post,,,0,0,0,0.001,37.14
cell,14,satisficer_94,Satisficer,post,,,0,0,0,0.001,37.14
cell,14,satisficer_95,Satisficer,post,,,0,0,0,0.001,37.14
cell,14,satisficer_96,Satisficer,post,,,0,0,0,0.001,37.14
cell,14,satisficer_97,Satisficer,post,,,0,0,0,0.001,37.14
cell,14,satisficer_98,Satisficer,post,,,0,0,0,0.001,37.14
cell,14,satisficer_99,Satisficer,post,,,0,0,0,0.001,37.14
cell,15,satisficer_0,Satisficer,post,,,0,0,0,0.001,37.14
cell,15,satisficer_1,Satisficer,post,,,0,0,0,0.001,37.14
cell,15,satisficer_2,Satisficer,post,,,0,0,0,0.001,37.14
cell,15,satisficer_3,Satisficer,post,,,0,0,0,0.001,37.14
cell,15,satisficer_4,Satisficer,post,,,0,0,0,0.001,37.14
cell,15,satisficer_5,Satisficer,post,,,0,0,0,0.001,37.14
cell,15,satisficer_6,Satisficer,post,,,0,0,0,0.001,37.14
cell,15,satisficer_7,Satisficer,post,,,0,0,0,0.001,37.14
cell,15,satisficer_8,Satisficer,post,,,0,0,0,0.001,37.14
cell,15,satisficer_9,Satisficer,post,,,0,0,0,0.001,37.14
cell,15,satisficer_10,Satisficer,post,,,0,0,0,0.001,37.14
cell,15,satisficer_11,Satisficer,post,,,0,0,0,0.001,37.14
cell,15,satisficer_12,Satisficer,post,,,0,0,0,0.001,37.14
cell,15,satisficer_13,Satisficer,post,,,0,0,0,0.001,37.14
cell,15,satisficer_14,Satisficer,post,,,0,0,0,0.001,37.14
cell,15,satisficer_15,Satisficer,post,,,0,0,0,0.001,37.14
cell,15,satisficer_16,Satisficer,post,,,0,0,0,0.001,37.14
cell,15,satisficer_17,Satisficer,post,,,0,0,0,0.001,37.14
cell,15,satisficer_18,Satisficer,post,,,0,0,0,0.001,37.14
cell,15,satisficer_19,Satisficer,post,,,0,0,0,0.001,37.14
cell,15,satisficer_20,Satisficer,post,,,0,0,0,0.001,37.14
cell,15,satisficer_21,Satisficer,post,,,0,0,0,0.001,37.14
cell,15,satisficer_22,Satisficer,post,,,0,0,0,0.001,37.14
cell,15,satisficer_23,Satisficer,post,,,0,0,0,0.001,37.14
cell,15,satisficer_24,Satisficer,post,,,0,0,0,0.009,37.14
cell,15,satisficer_25,Satisficer,post,,,0,0,0,0.001,37.14
cell,15,satisficer_26,Satisficer,post,,,0,0,0,0.001,37.14
cell,15,satisficer_27,Satisficer,post,,,0,0,0,0.001,37.14
cell,15,satisficer_28,Satisficer,post,,,0,0,0,0.001,37.14
cell,15,satisficer_29,Satisficer,post,,,0,0,0,0.001,37.14
cell,15,satisficer_30,Satisficer,post,,,0,0,0,0.001,37.14
cell,15,satisficer_31,Satisficer,post,,,0,0,0,0.001,37.14
cell,15,satisficer_32,Satisficer,post,,,0,0,0,0.001,37.14
cell,15,satisficer_33,Satisficer,post,,,0,0,0,0.001,37.14
cell,15,satisficer_34,Satisficer,post,,,0,0,0,0.001,37.14
cell,15,satisficer_35,Satisficer,post,,,0,0,0,0.001,37.14
cell,15,satisficer_36,Satisficer,post,,,0,0,0,0.001,37.14
cell,15,satisficer_37,Satisficer,post,,,0,0,0,0.002,37.14
cell,15,satisficer_38,Satisficer,post,,,0,0,0,0.001,37.14
cell,15,satisficer_39,Satisficer,post,,,0,0,0,0.001,37.14
cell,15,satisficer_40,Satisficer,post,,,0,0,0,0.001,37.14
cell,15,satisficer_41,Satisficer,post,,,0,0,0,0.001,37.14
cell,15,satisficer_42,Satisficer,post,,,0,0,0,0.001,37.14
cell,15,satisficer_43,Satisficer,post,,,0,0,0,0.001,37.14
cell,15,satisficer_44,Satisficer,post,,,0,0,0,0.001,37.14
cell,15,satisficer_45,Satisficer,post,,,0,0,0,0.001,37.14
cell,15,satisficer_46,Satisficer,post,,,0,0,0,0.001,37.14
cell,15,satisficer_47,Satisficer,post,,,0,0,0,0.001,37.14
cell,15,satisficer_48,Satisficer,post,,,0,0,0,0.001,37.14
cell,15,satisficer_49,Satisficer,post,,,0,0,0,0.001,37.14
cell,15,satisficer_50,Satisficer,post,,,0,0,0,0.001,37.14
cell,15,satisficer_51,Satisficer,post,,,0,0,0,0.001,37.14
cell,15,satisficer_52,Satisficer,post,,,0,0,0,0.001,37.14
cell,15,satisficer_53,Satisficer,post,,,0,0,0,0.001,37.14
cell,15,satisficer_54,Satisficer,post,,,0,0,0,0.001,37.14
cell,15,satisficer_55,Satisficer,post,,,0,0,0,0.001,37.14
cell,15,satisficer_56,Satisficer,post,,,0,0,0,0.001,37.14
cell,15,satisficer_57,Satisficer,post,,,0,0,0,0.002,37.14
cell,15,satisficer_58,Satisficer,post,,,0,0,0,0.001,37.14
cell,15,satisficer_59,Satisficer,post,,,0,0,0,0.001,37.14
cell,15,satisficer_60,Satisficer,post,,,0,0,0,0.001,37.14
cell,15,satisficer_61,Satisficer,post,,,0,0,0,0.001,37.14
cell,15,satisficer_62,Satisficer,post,,,0,0,0,0.001,37.14
cell,15,satisficer_63,Satisficer,post,,,0,0,0,0.001,37.14
cell,15,satisficer_64,Satisficer,post,,,0,0,0,0.001,37.14
cell,15,satisficer_65,Satisficer,post,,,0,0,0,0.001,37.14
cell,15,satisficer_66,Satisficer,post,,,0,0,0,0.001,37.14
cell,15,satisficer_67,Satisficer,post,,,0,0,0,0.001,37.14
cell,15,satisficer_68,Satisficer,post,,,0,0,0,0.001,37.14
cell,15,satisficer_69,Satisficer,post,,,0,0,0,0.001,37.14
cell,15,satisficer_70,Satisficer,post,,,0,0,0,0.001,37.14
cell,15,satisficer_71,Satisficer,post,,,0,0,0,0.001,37.14
cell,15,satisficer_72,Satisficer,post,,,0,0,0,0.001,37.14
cell,15,satisficer_73,Satisficer,post,,,0,0,0,0.001,37.14
cell,15,satisficer_74,Satisficer,post,,,0,0,0,0.001,37.14
cell,15,satisficer_75,Satisficer,post,,,0,0,0,0.001,37.14
cell,15,satisficer_76,Satisficer,post,,,0,0,0,0.001,37.14
cell,15,satisficer_77,Satisficer,post,,,0,0,0,0.001,37.14
cell,15,satisficer_78,Satisficer,post,,,0,0,0,0.001,37.14
cell,15,satisficer_79,Satisficer,post,,,0,0,0,0.001,37.14
cell,15,satisficer_80,Satisficer,post,,,0,0,0,0.001,37.14
cell,15,satisficer_81,Satisficer,post,,,0,0,0,0.001,37.14
cell,15,satisficer_82,Satisficer,post,,,0,0,0,0.001,37.14
cell,15,satisficer_83,Satisficer,post,,,0,0,0,0.001,37.14
cell,15,satisficer_84,Satisficer,post,,,0,0,0,0.001,37.14
cell,15,satisficer_85,Satisficer,post,,,0,0,0,0.001,37.14
cell,15,satisficer_86,Satisficer,post,,,0,0,0,0.001,37.14
cell,15,satisficer_87,Satisficer,post,,,0,0,0,0.001,37.14
cell,15,satisficer_88,Satisficer,post,,,0,0,0,0.001,37.14
cell,15,satisficer_89,Satisficer,post,,,0,0,0,0.001,37.14
cell,15,satisficer_90,Satisficer,post,,,0,0,0,0.001,37.14
cell,15,satisficer_91,Satisficer,post,,,0,0,0,0.001,37.14
cell,15,satisficer_92,Satisficer,post,,,0,0,0,0.001,37.14
cell,15,satisficer_93,Satisficer,post,,,0,0,0,0.001,37.14
cell,15,satisficer_94,Satisficer,post,,,0,0,0,0.001,37.14
cell,15,satisficer_95,Satisficer,post,,,0,0,0,0.001,37.14
cell,15,satisficer_96,Satisficer,post,,,0,0,0,0.001,37.14
cell,15,satisficer_97,Satisficer,post,,,0,0,0,0.001,37.14
cell,15,satisficer_98,Satisficer,post,,,0,0,0,0.001,37.14
cell,15,satisficer_99,Satisficer,post,,,0,0,0,0.001,37.14
cell,16,satisficer_0,Satisficer,post,,,0,0,0,0.001,37.14
cell,16,satisficer_1,Satisficer,post,,,0,0,0,0.001,37.14
cell,16,satisficer_2,Satisficer,post,,,0,0,0,0.001,37.14
cell,16,satisficer_3,Satisficer,post,,,0,0,0,0.001,37.14
cell,16,satisficer_4,Satisficer,post,,,0,0,0,0.001,37.14
cell,16,satisficer_5,Satisficer,post,,,0,0,0,0.001,37.14
cell,16,satisficer_6,Satisficer,post,,,0,0,0,0.001,37.14
cell,16,satisficer_7,Satisficer,post,,,0,0,0,0.001,37.14
cell,16,satisficer_8,Satisficer,post,,,0,0,0,0.001,37.14
cell,16,satisficer_9,Satisficer,post,,,0,0,0,0.001,37.14
cell,16,satisficer_10,Satisficer,post,,,0,0,0,0.001,37.14
cell,16,satisficer_11,Satisficer,post,,,0,0,0,0.001,37.14
cell,16,satisficer_12,Satisficer,post,,,0,0,0,0.001,37.14
cell,16,satisficer_13,Satisficer,post,,,0,0,0,0.001,37.14
cell,16,satisficer_14,Satisficer,post,,,0,0,0,0.001,37.14
cell,16,satisficer_15,Satisficer,post,,,0,0,0,0.001,37.14
cell,16,satisficer_16,Satisficer,post,,,0,0,0,0.001,37.14
cell,16,satisficer_17,Satisficer,post,,,0,0,0,0.001,37.14
cell,16,satisficer_18,Satisficer,post,,,0,0,0,0.001,37.14
cell,16,satisficer_19,Satisficer,post,,,0,0,0,0.001,37.14
cell,16,satisficer_20,Satisficer,post,,,0,0,0,0.002,37.14
cell,16,satisficer_21,Satisficer,post,,,0,0,0,0.002,37.14
cell,16,satisficer_22,Satisficer,post,,,0,0,0,0.001,37.14
cell,16,satisficer_23,Satisficer,post,,,0,0,0,0.001,37.14
cell,16,satisficer_24,Satisficer,post,,,0,0,0,0.001,37.14
cell,16,satisficer_25,Satisficer,post,,,0,0,0,0.001,37.14
cell,16,satisficer_26,Satisficer,post,,,0,0,0,0.001,37.14
cell,16,satisficer_27,Satisficer,post,,,0,0,0,0.001,37.14
cell,16,satisficer_28,Satisficer,post,,,0,0,0,0.001,37.14
cell,16,satisficer_29,Satisficer,post,,,0,0,0,0.001,37.14
cell,16,satisficer_30,Satisficer,post,,,0,0,0,0.001,37.14
cell,16,satisficer_31,Satisficer,post,,,0,0,0,0.001,37.14
cell,16,satisficer_32,Satisficer,post,,,0,0,0,0.001,37.14
cell,16,satisficer_33,Satisficer,post,,,0,0,0,0.001,37.14
cell,16,satisficer_34,Satisficer,post,,,0,0,0,0.001,37.14
cell,16,satisficer_35,Satisficer,post,,,0,0,0,0.001,37.14
cell,16,satisficer_36,Satisficer,post,,,0,0,0,0.001,37.14
cell,16,satisficer_37,Satisficer,post,,,0,0,0,0.001,37.14
cell,16,satisficer_38,Satisficer,post,,,0,0,0,0.001,37.14
cell,16,satisficer_39,Satisficer,post,,,0,0,0,0.001,37.14
cell,16,satisficer_40,Satisficer,post,,,0,0,0,0.009,37.14
cell,16,satisficer_41,Satisficer,post,,,0,0,0,0.001,37.14
cell,16,satisficer_42,Satisficer,post,,,0,0,0,0.001,37.14
cell,16,satisficer_43,Satisficer,post,,,0,0,0,0.001,37.14
cell,16,satisficer_44,Satisficer,post,,,0,0,0,0.001,37.14
cell,16,satisficer_45,Satisficer,post,,,0,0,0,0.001,37.14
cell,16,satisficer_46,Satisficer,post,,,0,0,0,0.002,37.14
cell,16,satisficer_47,Satisficer,post,,,0,0,0,0.001,37.14
cell,16,satisficer_48,Satisficer,post,,,0,0,0,0.002,37.14
cell,16,satisficer_49,Satisficer,post,,,0,0,0,0.001,37.14
cell,16,satisficer_50,Satisficer,post,,,0,0,0,0.001,37.14
cell,16,satisficer_51,Satisficer,post,,,0,0,0,0.001,37.14
cell,16,satisficer_52,Satisficer,post,,,0,0,0,0.001,37.14
cell,16,satisficer_53,Satisficer,post,,,0,0,0,0.001,37.14
cell,16,satisficer_54,Satisficer,post,,,0,0,0,0.001,37.14
cell,16,satisficer_55,Satisficer,post,,,0,0,0,0.001,37.14
cell,16,satisficer_56,Satisficer,post,,,0,0,0,0.001,37.14
cell,16,satisficer_57,Satisficer,post,,,0,0,0,0.001,37.14
cell,16,satisficer_58,Satisficer,post,,,0,0,0,0.001,37.14
cell,16,satisficer_59,Satisficer,post,,,0,0,0,0.001,37.14
cell,16,satisficer_60,Satisficer,post,,,0,0,0,0.001,37.14
cell,16,satisficer_61,Satisficer,post,,,0,0,0,0.001,37.14
cell,16,satisficer_62,Satisficer,post,,,0,0,0,0.001,37.14
cell,16,satisficer_63,Satisficer,post,,,0,0,0,0.001,37.14
cell,16,satisficer_64,Satisficer,post,,,0,0,0,0.001,37.14
cell,16,satisficer_65,Satisficer,post,,,0,0,0,0.001,37.14
cell,16,satisficer_66,Satisficer,post,,,0,0,0,0.001,37.14
cell,16,satisficer_67,Satisficer,post,,,0,0,0,0.001,37.14
cell,16,satisficer_68,Satisficer,post,,,0,0,0,0.001,37.14
cell,16,satisficer_69,Satisficer,post,,,0,0,0,0.001,37.14
cell,16,satisficer_70,Satisficer,post,,,0,0,0,0.001,37.14
cell,16,satisficer_71,Satisficer,post,,,0,0,0,0.001,37.14
cell,16,satisficer_72,Satisficer,post,,,0,0,0,0.001,37.14
cell,16,satisficer_73,Satisficer,post,,,0,0,0,0.001,37.14
cell,16,satisficer_74,Satisficer,post,,,0,0,0,0.001,37.14
cell,16,satisficer_75,Satisficer,post,,,0,0,0,0.001,37.14
cell,16,satisficer_76,Satisficer,post,,,0,0,0,0.001,37.14
cell,16,satisficer_77,Satisficer,post,,,0,0,0,0.001,37.14
cell,16,satisficer_78,Satisficer,post,,,0,0,0,0.001,37.14
cell,16,satisficer_79,Satisficer,post,,,0,0,0,0.001,37.14
cell,16,satisficer_80,Satisficer,post,,,0,0,0,0.001,37.14
cell,16,satisficer_81,Satisficer,post,,,0,0,0,0.001,37.14
cell,16,satisficer_82,Satisficer,post,,,0,0,0,0.001,37.14
cell,16,satisficer_83,Satisficer,post,,,0,0,0,0.001,37.14
cell,16,satisficer_84,Satisficer,post,,,0,0,0,0.001,37.14
cell,16,satisficer_85,Satisficer,post,,,0,0,0,0.001,37.14
cell,16,satisficer_86,Satisficer,post,,,0,0,0,0.001,37.14
cell,16,satisficer_87,Satisficer,post,,,0,0,0,0.001,37.14
cell,16,satisficer_88,Satisficer,post,,,0,0,0,0.001,37.14
cell,16,satisficer_89,Satisficer,post,,,0,0,0,0.001,37.14
cell,16,satisficer_90,Satisficer,post,,,0,0,0,0.001,37.14
cell,16,satisficer_91,Satisficer,post,,,0,0,0,0.001,37.14
cell,16,satisficer_92,Satisficer,post,,,0,0,0,0.001,37.14
cell,16,satisficer_93,Satisficer,post,,,0,0,0,0.001,37.14
cell,16,satisficer_94,Satisficer,post,,,0,0,0,0.001,37.14
cell,16,satisficer_95,Satisficer,post,,,0,0,0,0.001,37.14
cell,16,satisficer_96,Satisficer,post,,,0,0,0,0.001,37.14
cell,16,satisficer_97,Satisficer,post,,,0,0,0,0.001,37.14
cell,16,satisficer_98,Satisficer,post,,,0,0,0,0.001,37.14
cell,16,satisficer_99,Satisficer,post,,,0,0,0,0.001,37.14
cell,17,satisficer_0,Satisficer,post,,,0,0,0,0.001,37.14
cell,17,satisficer_1,Satisficer,post,,,0,0,0,0.001,37.14
cell,17,satisficer_2,Satisficer,post,,,0,0,0,0.001,37.14
cell,17,satisficer_3,Satisficer,post,,,0,0,0,0.001,37.14
cell,17,satisficer_4,Satisficer,post,,,0,0,0,0.001,37.14
cell,17,satisficer_5,Satisficer,post,,,0,0,0,0.001,37.14
cell,17,satisficer_6,Satisficer,post,,,0,0,0,0.001,37.14
cell,17,satisficer_7,Satisficer,post,,,0,0,0,0.001,37.14
cell,17,satisficer_8,Satisficer,post,,,0,0,0,0.001,37.14
cell,17,satisficer_9,Satisficer,post,,,0,0,0,0.001,37.14
cell,17,satisficer_10,Satisficer,post,,,0,0,0,0.001,37.14
cell,17,satisficer_11,Satisficer,post,,,0,0,0,0.001,37.14
