run_id,t,agent_id,agent_type,action_type,price_cperkwh,qty_kwh,offers_seen,solver_calls,learners_steps,wall_ms,mem_mb
cell,0,optimizer_0,Optimizer,post,,,0,0,0,0.002,34.22
cell,0,optimizer_1,Optimizer,post,,,0,0,0,0.001,34.22
cell,0,optimizer_2,Optimizer,post,,,0,0,0,0.001,34.22
cell,0,optimizer_3,Optimizer,post,,,0,0,0,0.001,34.22
cell,0,optimizer_4,Optimizer,post,,,0,0,0,0.001,34.22
cell,0,optimizer_5,Optimizer,post,,,0,0,0,0.001,34.22
cell,0,optimizer_6,Optimizer,post,,,0,0,0,0.001,34.22
cell,0,optimizer_7,Optimizer,post,,,0,0,0,0.001,34.22
cell,0,optimizer_8,Optimizer,post,,,0,0,0,0.001,34.22
cell,0,optimizer_9,Optimizer,post,,,0,0,0,0.001,34.22
cell,0,optimizer_10,Optimizer,post,,,0,0,0,0.001,34.22
cell,0,optimizer_11,Optimizer,post,,,0,0,0,0.001,34.22
cell,0,optimizer_12,Optimizer,post,,,0,0,0,0.001,34.22
cell,0,optimizer_13,Optimizer,post,,,0,0,0,0.001,34.22
cell,0,optimizer_14,Optimizer,post,,,0,0,0,0.001,34.22
cell,0,optimizer_15,Optimizer,post,,,0,0,0,0.001,34.22
cell,0,optimizer_16,Optimizer,post,,,0,0,0,0.001,34.22
cell,0,optimizer_17,Optimizer,post,,,0,0,0,0.001,34.22
cell,0,optimizer_18,Optimizer,post,,,0,0,0,0.001,34.22
cell,0,optimizer_19,Optimizer,post,,,0,0,0,0.001,34.22
cell,0,optimizer_20,Optimizer,post,,,0,0,0,0.001,34.22
cell,0,optimizer_21,Optimizer,post,,,0,0,0,0.001,34.22
cell,0,optimizer_22,Optimizer,post,,,0,0,0,0.001,34.22
cell,0,optimizer_23,Optimizer,post,,,0,0,0,0.001,34.22
cell,0,optimizer_24,Optimizer,post,,,0,0,0,0.001,34.22
cell,0,optimizer_25,Optimizer,post,,,0,0,0,0.001,34.22
cell,0,optimizer_26,Optimizer,post,,,0,0,0,0.001,34.22
cell,0,optimizer_27,Optimizer,post,,,0,0,0,0.001,34.22
cell,0,optimizer_28,Optimizer,post,,,0,0,0,0.001,34.22
cell,0,optimizer_29,Optimizer,post,,,0,0,0,0.001,34.22
cell,0,optimizer_30,Optimizer,post,,,0,0,0,0.001,34.22
cell,0,optimizer_31,Optimizer,post,,,0,0,0,0.001,34.22
cell,0,optimizer_32,Optimizer,post,,,0,0,0,0.001,34.22
cell,0,optimizer_33,Optimizer,post,,,0,0,0,0.001,34.22
cell,0,optimizer_34,Optimizer,post,,,0,0,0,0.001,34.22
cell,0,optimizer_35,Optimizer,post,,,0,0,0,0.001,34.22
cell,0,optimizer_36,Optimizer,post,,,0,0,0,0.001,34.22
cell,0,optimizer_37,Optimizer,post,,,0,0,0,0.001,34.22
cell,0,optimizer_38,Optimizer,post,,,0,0,0,0.001,34.22
cell,0,optimizer_39,Optimizer,post,,,0,0,0,0.001,34.22
cell,0,optimizer_40,Optimizer,post,,,0,0,0,0.001,34.22
cell,0,optimizer_41,Optimizer,post,,,0,0,0,0.001,34.22
cell,0,optimizer_42,Optimizer,post,,,0,0,0,0.001,34.22
cell,0,optimizer_43,Optimizer,post,,,0,0,0,0.001,34.22
cell,0,optimizer_44,Optimizer,post,,,0,0,0,0.001,34.22
cell,0,optimizer_45,Optimizer,post,,,0,0,0,0.001,34.22
cell,0,optimizer_46,Optimizer,post,,,0,0,0,0.001,34.22
cell,0,optimizer_47,Optimizer,post,,,0,0,0,0.001,34.22
cell,0,optimizer_48,Optimizer,post,,,0,0,0,0.001,34.22
cell,0,optimizer_49,Optimizer,post,,,0,0,0,0.001,34.22
cell,0,optimizer_50,Optimizer,post,,,0,0,0,0.001,34.22
cell,0,optimizer_51,Optimizer,post,,,0,0,0,0.001,34.22
cell,0,optimizer_52,Optimizer,post,,,0,0,0,0.001,34.22
cell,0,optimizer_53,Optimizer,post,,,0,0,0,0.001,34.22
cell,0,optimizer_54,Optimizer,post,,,0,0,0,0.001,34.22
cell,0,optimizer_55,Optimizer,post,,,0,0,0,0.001,34.22
cell,0,optimizer_56,Optimizer,post,,,0,0,0,0.001,34.22
cell,0,optimizer_57,Optimizer,post,,,0,0,0,0.001,34.22
cell,0,optimizer_58,Optimizer,post,,,0,0,0,0.001,34.22
cell,0,optimizer_59,Optimizer,post,,,0,0,0,0.001,34.22
cell,0,optimizer_60,Optimizer,post,,,0,0,0,0.001,34.22
cell,0,optimizer_61,Optimizer,post,,,0,0,0,0.001,34.22
cell,0,optimizer_62,Optimizer,post,,,0,0,0,0.001,34.22
cell,0,optimizer_63,Optimizer,post,,,0,0,0,0.001,34.22
cell,0,optimizer_64,Optimizer,post,,,0,0,0,0.001,34.22
cell,0,optimizer_65,Optimizer,post,,,0,0,0,0.001,34.22
cell,0,optimizer_66,Optimizer,post,,,0,0,0,0.001,34.22
cell,0,optimizer_67,Optimizer,post,,,0,0,0,0.001,34.22
cell,0,optimizer_68,Optimizer,post,,,0,0,0,0.001,34.22
cell,0,optimizer_69,Optimizer,post,,,0,0,0,0.001,34.22
cell,0,optimizer_70,Optimizer,post,,,0,0,0,0.001,34.22
cell,0,optimizer_71,Optimizer,post,,,0,0,0,0.001,34.22
cell,0,optimizer_72,Optimizer,post,,,0,0,0,0.001,34.22
cell,0,optimizer_73,Optimizer,post,,,0,0,0,0.001,34.22
cell,0,optimizer_74,Optimizer,post,,,0,0,0,0.001,34.22
cell,0,optimizer_75,Optimizer,post,,,0,0,0,0.001,34.22
cell,0,optimizer_76,Optimizer,post,,,0,0,0,0.001,34.22
cell,0,optimizer_77,Optimizer,post,,,0,0,0,0.001,34.22
cell,0,optimizer_78,Optimizer,post,,,0,0,0,0.001,34.22
cell,0,optimizer_79,Optimizer,post,,,0,0,0,0.001,34.22
cell,0,optimizer_80,Optimizer,post,,,0,0,0,0.001,34.22
cell,0,optimizer_81,Optimizer,post,,,0,0,0,0.001,34.22
cell,0,optimizer_82,Optimizer,post,,,0,0,0,0.001,34.22
cell,0,optimizer_83,Optimizer,post,,,0,0,0,0.001,34.22
cell,0,optimizer_84,Optimizer,post,,,0,0,0,0.001,34.22
cell,0,optimizer_85,Optimizer,post,,,0,0,0,0.001,34.22
cell,0,optimizer_86,Optimizer,post,,,0,0,0,0.001,34.22
cell,0,optimizer_87,Optimizer,post,,,0,0,0,0.001,34.22
cell,0,optimizer_88,Optimizer,post,,,0,0,0,0.001,34.22
cell,0,optimizer_89,Optimizer,post,,,0,0,0,0.001,34.22
cell,0,optimizer_90,Optimizer,post,,,0,0,0,0.001,34.22
cell,0,optimizer_91,Optimizer,post,,,0,0,0,0.001,34.22
cell,0,optimizer_92,Optimizer,post,,,0,0,0,0.001,34.22
cell,0,optimizer_93,Optimizer,post,,,0,0,0,0.001,34.22
cell,0,optimizer_94,Optimizer,post,,,0,0,0,0.001,34.22
cell,0,optimizer_95,Optimizer,post,,,0,0,0,0.001,34.22
cell,0,optimizer_96,Optimizer,post,,,0,0,0,0.001,34.22
cell,0,optimizer_97,Optimizer,post,,,0,0,0,0.001,34.22
cell,0,optimizer_98,Optimizer,post,,,0,0,0,0.001,34.22
cell,0,optimizer_99,Optimizer,post,,,0,0,0,0.001,34.22
cell,1,optimizer_0,Optimizer,post,,,0,0,0,0.001,34.22
cell,1,optimizer_1,Optimizer,post,,,0,0,0,0.001,34.22
cell,1,optimizer_2,Optimizer,post,,,0,0,0,0.001,34.22
cell,1,optimizer_3,Optimizer,post,,,0,0,0,0.001,34.22
cell,1,optimizer_4,Optimizer,post,,,0,0,0,0.001,34.22
cell,1,optimizer_5,Optimizer,post,,,0,0,0,0.001,34.22
cell,1,optimizer_6,Optimizer,post,,,0,0,0,0.001,34.22
cell,1,optimizer_7,Optimizer,post,,,0,0,0,0.001,34.22
cell,1,optimizer_8,Optimizer,post,,,0,0,0,0.001,34.22
cell,1,optimizer_9,Optimizer,post,,,0,0,0,0.001,34.22
cell,1,optimizer_10,Optimizer,post,,,0,0,0,0.001,34.22
cell,1,optimizer_11,Optimizer,post,,,0,0,0,0.001,34.22
cell,1,optimizer_12,Optimizer,post,,,0,0,0,0.001,34.22
cell,1,optimizer_13,Optimizer,post,,,0,0,0,0.001,34.22
cell,1,optimizer_14,Optimizer,post,,,0,0,0,0.001,34.22
cell,1,optimizer_15,Optimizer,post,,,0,0,0,0.001,34.22
cell,1,optimizer_16,Optimizer,post,,,0,0,0,0.001,34.22
cell,1,optimizer_17,Optimizer,post,,,0,0,0,0.001,34.22
cell,1,optimizer_18,Optimizer,post,,,0,0,0,0.001,34.22
cell,1,optimizer_19,Optimizer,post,,,0,0,0,0.001,34.22
cell,1,optimizer_20,Optimizer,post,,,0,0,0,0.001,34.22
cell,1,optimizer_21,Optimizer,post,,,0,0,0,0.001,34.22
cell,1,optimizer_22,Optimizer,post,,,0,0,0,0.001,34.22
cell,1,optimizer_23,Optimizer,post,,,0,0,0,0.001,34.22
cell,1,optimizer_24,Optimizer,post,,,0,0,0,0.001,34.22
cell,1,optimizer_25,Optimizer,post,,,0,0,0,0.001,34.22
cell,1,optimizer_26,Optimizer,post,,,0,0,0,0.001,34.22
cell,1,optimizer_27,Optimizer,post,,,0,0,0,0.001,34.22
cell,1,optimizer_28,Optimizer,post,,,0,0,0,0.001,34.22
cell,1,optimizer_29,Optimizer,post,,,0,0,0,0.001,34.22
cell,1,optimizer_30,Optimizer,post,,,0,0,0,0.001,34.22
cell,1,optimizer_31,Optimizer,post,,,0,0,0,0.001,34.22
cell,1,optimizer_32,Optimizer,post,,,0,0,0,0.001,34.22
cell,1,optimizer_33,Optimizer,post,,,0,0,0,0.001,34.22
cell,1,optimizer_34,Optimizer,post,,,0,0,0,0.001,34.22
cell,1,optimizer_35,Optimizer,post,,,0,0,0,0.001,34.22
cell,1,optimizer_36,Optimizer,post,,,0,0,0,0.001,34.22
cell,1,optimizer_37,Optimizer,post,,,0,0,0,0.001,34.22
cell,1,optimizer_38,Optimizer,post,,,0,0,0,0.001,34.22
cell,1,optimizer_39,Optimizer,post,,,0,0,0,0.001,34.22
cell,1,optimizer_40,Optimizer,post,,,0,0,0,0.001,34.22
cell,1,optimizer_41,Optimizer,post,,,0,0,0,0.001,34.22
cell,1,optimizer_42,Optimizer,post,,,0,0,0,0.001,34.22
cell,1,optimizer_43,Optimizer,post,,,0,0,0,0.001,34.22
cell,1,optimizer_44,Optimizer,post,,,0,0,0,0.001,34.22
cell,1,optimizer_45,Optimizer,post,,,0,0,0,0.002,34.22
cell,1,optimizer_46,Optimizer,post,,,0,0,0,0.001,34.22
cell,1,optimizer_47,Optimizer,post,,,0,0,0,0.001,34.22
cell,1,optimizer_48,Optimizer,post,,,0,0,0,0.001,34.22
cell,1,optimizer_49,Optimizer,post,,,0,0,0,0.001,34.22
cell,1,optimizer_50,Optimizer,post,,,0,0,0,0.001,34.22
cell,1,optimizer_51,Optimizer,post,,,0,0,0,0.001,34.22
cell,1,optimizer_52,Optimizer,post,,,0,0,0,0.001,34.22
cell,1,optimizer_53,Optimizer,post,,,0,0,0,0.001,34.22
cell,1,optimizer_54,Optimizer,post,,,0,0,0,0.001,34.22
cell,1,optimizer_55,Optimizer,post,,,0,0,0,0.001,34.22
cell,1,optimizer_56,Optimizer,post,,,0,0,0,0.001,34.22
cell,1,optimizer_57,Optimizer,post,,,0,0,0,0.001,34.22
cell,1,optimizer_58,Optimizer,post,,,0,0,0,0.001,34.22
cell,1,optimizer_59,Optimizer,post,,,0,0,0,0.001,34.22
cell,1,optimizer_60,Optimizer,post,,,0,0,0,0.001,34.22
cell,1,optimizer_61,Optimizer,post,,,0,0,0,0.001,34.22
cell,1,optimizer_62,Optimizer,post,,,0,0,0,0.001,34.22
cell,1,optimizer_63,Optimizer,post,,,0,0,0,0.001,34.22
cell,1,optimizer_64,Optimizer,post,,,0,0,0,0.001,34.22
cell,1,optimizer_65,Optimizer,post,,,0,0,0,0.001,34.22
cell,1,optimizer_66,Optimizer,post,,,0,0,0,0.001,34.22
cell,1,optimizer_67,Optimizer,post,,,0,0,0,0.001,34.22
cell,1,optimizer_68,Optimizer,post,,,0,0,0,0.001,34.22
cell,1,optimizer_69,Optimizer,post,,,0,0,0,0.001,34.22
cell,1,optimizer_70,Optimizer,post,,,0,0,0,0.001,34.22
cell,1,optimizer_71,Optimizer,post,,,0,0,0,0.001,34.22
cell,1,optimizer_72,Optimizer,post,,,0,0,0,0.001,34.22
cell,1,optimizer_73,Optimizer,post,,,0,0,0,0.001,34.22
cell,1,optimizer_74,Optimizer,post,,,0,0,0,0.001,34.22
cell,1,optimizer_75,Optimizer,post,,,0,0,0,0.001,34.22
cell,1,optimizer_76,Optimizer,post,,,0,0,0,0.001,34.22
cell,1,optimizer_77,Optimizer,post,,,0,0,0,0.001,34.22
cell,1,optimizer_78,Optimizer,post,,,0,0,0,0.001,34.22
cell,1,optimizer_79,Optimizer,post,,,0,0,0,0.001,34.22
cell,1,optimizer_80,Optimizer,post,,,0,0,0,0.001,34.22
cell,1,optimizer_81,Optimizer,post,,,0,0,0,0.001,34.22
cell,1,optimizer_82,Optimizer,post,,,0,0,0,0.001,34.22
cell,1,optimizer_83,Optimizer,post,,,0,0,0,0.001,34.22
cell,1,optimizer_84,Optimizer,post,,,0,0,0,0.001,34.22
cell,1,optimizer_85,Optimizer,post,,,0,0,0,0.001,34.22
cell,1,optimizer_86,Optimizer,post,,,0,0,0,0.001,34.22
cell,1,optimizer_87,Optimizer,post,,,0,0,0,0.001,34.22
cell,1,optimizer_88,Optimizer,post,,,0,0,0,0.001,34.22
cell,1,optimizer_89,Optimizer,post,,,0,0,0,0.001,34.22
cell,1,optimizer_90,Optimizer,post,,,0,0,0,0.001,34.22
cell,1,optimizer_91,Optimizer,post,,,0,0,0,0.001,34.22
cell,1,optimizer_92,Optimizer,post,,,0,0,0,0.001,34.22
cell,1,optimizer_93,Optimizer,post,,,0,0,0,0.001,34.22
cell,1,optimizer_94,Optimizer,post,,,0,0,0,0.001,34.22
cell,1,optimizer_95,Optimizer,post,,,0,0,0,0.001,34.22
cell,1,optimizer_96,Optimizer,post,,,0,0,0,0.001,34.22
cell,1,optimizer_97,Optimizer,post,,,0,0,0,0.001,34.22
cell,1,optimizer_98,Optimizer,post,,,0,0,0,0.001,34.22
cell,1,optimizer_99,Optimizer,post,,,0,0,0,0.001,34.22
cell,2,optimizer_0,Optimizer,post,,,0,0,0,0.001,34.22
cell,2,optimizer_1,Optimizer,post,,,0,0,0,0.001,34.22
cell,2,optimizer_2,Optimizer,post,,,0,0,0,0.001,34.22
cell,2,optimizer_3,Optimizer,post,,,0,0,0,0.001,34.22
cell,2,optimizer_4,Optimizer,post,,,0,0,0,0.001,34.22
cell,2,optimizer_5,Optimizer,post,,,0,0,0,0.001,34.22
cell,2,optimizer_6,Optimizer,post,,,0,0,0,0.001,34.22
cell,2,optimizer_7,Optimizer,post,,,0,0,0,0.001,34.22
cell,2,optimizer_8,Optimizer,post,,,0,0,0,0.001,34.22
cell,2,optimizer_9,Optimizer,post,,,0,0,0,0.001,34.22
cell,2,optimizer_10,Optimizer,post,,,0,0,0,0.001,34.22
cell,2,optimizer_11,Optimizer,post,,,0,0,0,0.001,34.22
cell,2,optimizer_12,Optimizer,post,,,0,0,0,0.001,34.22
cell,2,optimizer_13,Optimizer,post,,,0,0,0,0.001,34.22
cell,2,optimizer_14,Optimizer,post,,,0,0,0,0.001,34.22
cell,2,optimizer_15,Optimizer,post,,,0,0,0,0.001,34.22
cell,2,optimizer_16,Optimizer,post,,,0,0,0,0.001,34.22
cell,2,optimizer_17,Optimizer,post,,,0,0,0,0.001,34.22
cell,2,optimizer_18,Optimizer,post,,,0,0,0,0.001,34.22
cell,2,optimizer_19,Optimizer,post,,,0,0,0,0.001,34.22
cell,2,optimizer_20,Optimizer,post,,,0,0,0,0.001,34.22
cell,2,optimizer_21,Optimizer,post,,,0,0,0,0.001,34.22
cell,2,optimizer_22,Optimizer,post,,,0,0,0,0.001,34.22
cell,2,optimizer_23,Optimizer,post,,,0,0,0,0.001,34.22
cell,2,optimizer_24,Optimizer,post,,,0,0,0,0.001,34.22
cell,2,optimizer_25,Optimizer,post,,,0,0,0,0.001,34.22
cell,2,optimizer_26,Optimizer,post,,,0,0,0,0.001,34.22
cell,2,optimizer_27,Optimizer,post,,,0,0,0,0.001,34.22
cell,2,optimizer_28,Optimizer,post,,,0,0,0,0.001,34.22
cell,2,optimizer_29,Optimizer,post,,,0,0,0,0.001,34.22
cell,2,optimizer_30,Optimizer,post,,,0,0,0,0.001,34.22
cell,2,optimizer_31,Optimizer,post,,,0,0,0,0.001,34.22
cell,2,optimizer_32,Optimizer,post,,,0,0,0,0.001,34.22
cell,2,optimizer_33,Optimizer,post,,,0,0,0,0.001,34.22
cell,2,optimizer_34,Optimizer,post,,,0,0,0,0.001,34.22
cell,2,optimizer_35,Optimizer,post,,,0,0,0,0.001,34.22
cell,2,optimizer_36,Optimizer,post,,,0,0,0,0.001,34.22
cell,2,optimizer_37,Optimizer,post,,,0,0,0,0.001,34.22
cell,2,optimizer_38,Optimizer,post,,,0,0,0,0.001,34.22
cell,2,optimizer_39,Optimizer,post,,,0,0,0,0.001,34.22
cell,2,optimizer_40,Optimizer,post,,,0,0,0,0.001,34.22
cell,2,optimizer_41,Optimizer,post,,,0,0,0,0.001,34.22
cell,2,optimizer_42,Optimizer,post,,,0,0,0,0.001,34.22
cell,2,optimizer_43,Optimizer,post,,,0,0,0,0.001,34.22
cell,2,optimizer_44,Optimizer,post,,,0,0,0,0.001,34.22
cell,2,optimizer_45,Optimizer,post,,,0,0,0,0.001,34.22
cell,2,optimizer_46,Optimizer,post,,,0,0,0,0.001,34.22
cell,2,optimizer_47,Optimizer,post,,,0,0,0,0.001,34.22
cell,2,optimizer_48,Optimizer,post,,,0,0,0,0.001,34.22
cell,2,optimizer_49,Optimizer,post,,,0,0,0,0.001,34.22
cell,2,optimizer_50,Optimizer,post,,,0,0,0,0.001,34.22
cell,2,optimizer_51,Optimizer,post,,,0,0,0,0.001,34.22
cell,2,optimizer_52,Optimizer,post,,,0,0,0,0.001,34.22
cell,2,optimizer_53,Optimizer,post,,,0,0,0,0.001,34.22
cell,2,optimizer_54,Optimizer,post,,,0,0,0,0.001,34.22
cell,2,optimizer_55,Optimizer,post,,,0,0,0,0.001,34.22
cell,2,optimizer_56,Optimizer,post,,,0,0,0,0.001,34.22
cell,2,optimizer_57,Optimizer,post,,,0,0,0,0.001,34.22
cell,2,optimizer_58,Optimizer,post,,,0,0,0,0.001,34.22
cell,2,optimizer_59,Optimizer,post,,,0,0,0,0.001,34.22
cell,2,optimizer_60,Optimizer,post,,,0,0,0,0.001,34.22
cell,2,optimizer_61,Optimizer,post,,,0,0,0,0.001,34.22
cell,2,optimizer_62,Optimizer,post,,,0,0,0,0.001,34.22
cell,2,optimizer_63,Optimizer,post,,,0,0,0,0.001,34.22
cell,2,optimizer_64,Optimizer,post,,,0,0,0,0.001,34.22
cell,2,optimizer_65,Optimizer,post,,,0,0,0,0.001,34.22
cell,2,optimizer_66,Optimizer,post,,,0,0,0,0.001,34.22
cell,2,optimizer_67,Optimizer,post,,,0,0,0,0.001,34.22
cell,2,optimizer_68,Optimizer,post,,,0,0,0,0.001,34.22
cell,2,optimizer_69,Optimizer,post,,,0,0,0,0.001,34.22
cell,2,optimizer_70,Optimizer,post,,,0,0,0,0.001,34.22
cell,2,optimizer_71,Optimizer,post,,,0,0,0,0.001,34.22
cell,2,optimizer_72,Optimizer,post,,,0,0,0,0.001,34.22
cell,2,optimizer_73,Optimizer,post,,,0,0,0,0.001,34.22
cell,2,optimizer_74,Optimizer,post,,,0,0,0,0.001,34.22
cell,2,optimizer_75,Optimizer,post,,,0,0,0,0.001,34.22
cell,2,optimizer_76,Optimizer,post,,,0,0,0,0.001,34.22
cell,2,optimizer_77,Optimizer,post,,,0,0,0,0.001,34.22
cell,2,optimizer_78,Optimizer,post,,,0,0,0,0.001,34.22
cell,2,optimizer_79,Optimizer,post,,,0,0,0,0.001,34.22
cell,2,optimizer_80,Optimizer,post,,,0,0,0,0.001,34.22
cell,2,optimizer_81,Optimizer,post,,,0,0,0,0.001,34.22
cell,2,optimizer_82,Optimizer,post,,,0,0,0,0.001,34.22
cell,2,optimizer_83,Optimizer,post,,,0,0,0,0.001,34.22
cell,2,optimizer_84,Optimizer,post,,,0,0,0,0.001,34.22
cell,2,optimizer_85,Optimizer,post,,,0,0,0,0.001,34.22
cell,2,optimizer_86,Optimizer,post,,,0,0,0,0.001,34.22
cell,2,optimizer_87,Optimizer,post,,,0,0,0,0.001,34.22
cell,2,optimizer_88,Optimizer,post,,,0,0,0,0.001,34.22
cell,2,optimizer_89,Optimizer,post,,,0,0,0,0.001,34.22
cell,2,optimizer_90,Optimizer,post,,,0,0,0,0.001,34.22
cell,2,optimizer_91,Optimizer,post,,,0,0,0,0.001,34.22
cell,2,optimizer_92,Optimizer,post,,,0,0,0,0.001,34.22
cell,2,optimizer_93,Optimizer,post,,,0,0,0,0.001,34.22
cell,2,optimizer_94,Optimizer,post,,,0,0,0,0.001,34.22
cell,2,optimizer_95,Optimizer,post,,,0,0,0,0.001,34.22
cell,2,optimizer_96,Optimizer,post,,,0,0,0,0.001,34.22
cell,2,optimizer_97,Optimizer,post,,,0,0,0,0.001,34.22
cell,2,optimizer_98,Optimizer,post,,,0,0,0,0.001,34.22
cell,2,optimizer_99,Optimizer,post,,,0,0,0,0.001,34.22
cell,3,optimizer_0,Optimizer,post,,,0,0,0,0.001,34.22
cell,3,optimizer_1,Optimizer,post,,,0,0,0,0.001,34.22
cell,3,optimizer_2,Optimizer,post,,,0,0,0,0.001,34.22
cell,3,optimizer_3,Optimizer,post,,,0,0,0,0.001,34.22
cell,3,optimizer_4,Optimizer,post,,,0,0,0,0.001,34.22
cell,3,optimizer_5,Optimizer,post,,,0,0,0,0.001,34.22
cell,3,optimizer_6,Optimizer,post,,,0,0,0,0.001,34.22
cell,3,optimizer_7,Optimizer,post,,,0,0,0,0.001,34.22
cell,3,optimizer_8,Optimizer,post,,,0,0,0,0.001,34.22
cell,3,optimizer_9,Optimizer,post,,,0,0,0,0.001,34.22
cell,3,optimizer_10,Optimizer,post,,,0,0,0,0.001,34.22
cell,3,optimizer_11,Optimizer,post,,,0,0,0,0.001,34.22
cell,3,optimizer_12,Optimizer,post,,,0,0,0,0.001,34.22
cell,3,optimizer_13,Optimizer,post,,,0,0,0,0.001,34.22
cell,3,optimizer_14,Optimizer,post,,,0,0,0,0.001,34.22
cell,3,optimizer_15,Optimizer,post,,,0,0,0,0.001,34.22
cell,3,optimizer_16,Optimizer,post,,,0,0,0,0.001,34.22
cell,3,optimizer_17,Optimizer,post,,,0,0,0,0.001,34.22
cell,3,optimizer_18,Optimizer,post,,,0,0,0,0.001,34.22
cell,3,optimizer_19,Optimizer,post,,,0,0,0,0.001,34.22
cell,3,optimizer_20,Optimizer,post,,,0,0,0,0.001,34.22
cell,3,optimizer_21,Optimizer,post,,,0,0,0,0.001,34.22
cell,3,optimizer_22,Optimizer,post,,,0,0,0,0.001,34.22
cell,3,optimizer_23,Optimizer,post,,,0,0,0,0.001,34.22
cell,3,optimizer_24,Optimizer,post,,,0,0,0,0.001,34.22
cell,3,optimizer_25,Optimizer,post,,,0,0,0,0.001,34.22
cell,3,optimizer_26,Optimizer,post,,,0,0,0,0.001,34.22
cell,3,optimizer_27,Optimizer,post,,,0,0,0,0.001,34.22
cell,3,optimizer_28,Optimizer,post,,,0,0,0,0.001,34.22
cell,3,optimizer_29,Optimizer,post,,,0,0,0,0.001,34.22
cell,3,optimizer_30,Optimizer,post,,,0,0,0,0.001,34.22
cell,3,optimizer_31,Optimizer,post,,,0,0,0,0.001,34.22
cell,3,optimizer_32,Optimizer,post,,,0,0,0,0.001,34.22
cell,3,optimizer_33,Optimizer,post,,,0,0,0,0.001,34.22
cell,3,optimizer_34,Optimizer,post,,,0,0,0,0.001,34.22
cell,3,optimizer_35,Optimizer,post,,,0,0,0,0.001,34.22
cell,3,optimizer_36,Optimizer,post,,,0,0,0,0.001,34.22
cell,3,optimizer_37,Optimizer,post,,,0,0,0,0.001,34.22
cell,3,optimizer_38,Optimizer,post,,,0,0,0,0.001,34.22
cell,3,optimizer_39,Optimizer,post,,,0,0,0,0.001,34.22
cell,3,optimizer_40,Optimizer,post,,,0,0,0,0.001,34.22
cell,3,optimizer_41,Optimizer,post,,,0,0,0,0.001,34.22
cell,3,optimizer_42,Optimizer,post,,,0,0,0,0.001,34.22
cell,3,optimizer_43,Optimizer,post,,,0,0,0,0.001,34.22
cell,3,optimizer_44,Optimizer,post,,,0,0,0,0.001,34.22
cell,3,optimizer_45,Optimizer,post,,,0,0,0,0.001,34.22
cell,3,optimizer_46,Optimizer,post,,,0,0,0,0.001,34.22
cell,3,optimizer_47,Optimizer,post,,,0,0,0,0.001,34.22
cell,3,optimizer_48,Optimizer,post,,,0,0,0,0.001,34.22
cell,3,optimizer_49,Optimizer,post,,,0,0,0,0.001,34.22
cell,3,optimizer_50,Optimizer,post,,,0,0,0,0.001,34.22
cell,3,optimizer_51,Optimizer,post,,,0,0,0,0.001,34.22
cell,3,optimizer_52,Optimizer,post,,,0,0,0,0.001,34.22
cell,3,optimizer_53,Optimizer,post,,,0,0,0,0.001,34.22
cell,3,optimizer_54,Optimizer,post,,,0,0,0,0.001,34.22
cell,3,optimizer_55,Optimizer,post,,,0,0,0,0.001,34.22
cell,3,optimizer_56,Optimizer,post,,,0,0,0,0.001,34.22
cell,3,optimizer_57,Optimizer,post,,,0,0,0,0.001,34.22
cell,3,optimizer_58,Optimizer,post,,,0,0,0,0.001,34.22
cell,3,optimizer_59,Optimizer,post,,,0,0,0,0.001,34.22
cell,3,optimizer_60,Optimizer,post,,,0,0,0,0.001,34.22
cell,3,optimizer_61,Optimizer,post,,,0,0,0,0.001,34.22
cell,3,optimizer_62,Optimizer,post,,,0,0,0,0.001,34.22
cell,3,optimizer_63,Optimizer,post,,,0,0,0,0.001,34.22
cell,3,optimizer_64,Optimizer,post,,,0,0,0,0.001,34.22
cell,3,optimizer_65,Optimizer,post,,,0,0,0,0.001,34.22
cell,3,optimizer_66,Optimizer,post,,,0,0,0,0.001,34.22
cell,3,optimizer_67,Optimizer,post,,,0,0,0,0.001,34.22
cell,3,optimizer_68,Optimizer,post,,,0,0,0,0.001,34.22
cell,3,optimizer_69,Optimizer,post,,,0,0,0,0.001,34.22
cell,3,optimizer_70,Optimizer,post,,,0,0,0,0.001,34.22
cell,3,optimizer_71,Optimizer,post,,,0,0,0,0.001,34.22
cell,3,optimizer_72,Optimizer,post,,,0,0,0,0.001,34.22
cell,3,optimizer_73,Optimizer,post,,,0,0,0,0.001,34.22
cell,3,optimizer_74,Optimizer,post,,,0,0,0,0.001,34.22
cell,3,optimizer_75,Optimizer,post,,,0,0,0,0.001,34.22
cell,3,optimizer_76,Optimizer,post,,,0,0,0,0.001,34.22
cell,3,optimizer_77,Optimizer,post,,,0,0,0,0.001,34.22
cell,3,optimizer_78,Optimizer,post,,,0,0,0,0.001,34.22
cell,3,optimizer_79,Optimizer,post,,,0,0,0,0.001,34.22
cell,3,optimizer_80,Optimizer,post,,,0,0,0,0.001,34.22
cell,3,optimizer_81,Optimizer,post,,,0,0,0,0.001,34.22
cell,3,optimizer_82,Optimizer,post,,,0,0,0,0.001,34.22
cell,3,optimizer_83,Optimizer,post,,,0,0,0,0.001,34.22
cell,3,optimizer_84,Optimizer,post,,,0,0,0,0.001,34.22
cell,3,optimizer_85,Optimizer,post,,,0,0,0,0.001,34.22
cell,3,optimizer_86,Optimizer,post,,,0,0,0,0.001,34.22
cell,3,optimizer_87,Optimizer,post,,,0,0,0,0.001,34.22
cell,3,optimizer_88,Optimizer,post,,,0,0,0,0.001,34.22
cell,3,optimizer_89,Optimizer,post,,,0,0,0,0.001,34.22
cell,3,optimizer_90,Optimizer,post,,,0,0,0,0.001,34.22
cell,3,optimizer_91,Optimizer,post,,,0,0,0,0.001,34.22
cell,3,optimizer_92,Optimizer,post,,,0,0,0,0.001,34.22
cell,3,optimizer_93,Optimizer,post,,,0,0,0,0.001,34.22
cell,3,optimizer_94,Optimizer,post,,,0,0,0,0.001,34.22
cell,3,optimizer_95,Optimizer,post,,,0,0,0,0.001,34.22
cell,3,optimizer_96,Optimizer,post,,,0,0,0,0.001,34.22
cell,3,optimizer_97,Optimizer,post,,,0,0,0,0.001,34.22
cell,3,optimizer_98,Optimizer,post,,,0,0,0,0.001,34.22
cell,3,optimizer_99,Optimizer,post,,,0,0,0,0.001,34.22
cell,4,optimizer_0,Optimizer,post,,,0,0,0,0.001,34.22
cell,4,optimizer_1,Optimizer,post,,,0,0,0,0.001,34.22
cell,4,optimizer_2,Optimizer,post,,,0,0,0,0.001,34.22
cell,4,optimizer_3,Optimizer,post,,,0,0,0,0.001,34.22
cell,4,optimizer_4,Optimizer,post,,,0,0,0,0.001,34.22
cell,4,optimizer_5,Optimizer,post,,,0,0,0,0.001,34.22
cell,4,optimizer_6,Optimizer,post,,,0,0,0,0.001,34.22
cell,4,optimizer_7,Optimizer,post,,,0,0,0,0.001,34.22
cell,4,optimizer_8,Optimizer,post,,,0,0,0,0.001,34.22
cell,4,optimizer_9,Optimizer,post,,,0,0,0,0.001,34.22
cell,4,optimizer_10,Optimizer,post,,,0,0,0,0.001,34.22
cell,4,optimizer_11,Optimizer,post,,,0,0,0,0.001,34.22
cell,4,optimizer_12,Optimizer,post,,,0,0,0,0.001,34.22
cell,4,optimizer_13,Optimizer,post,,,0,0,0,0.001,34.22
cell,4,optimizer_14,Optimizer,post,,,0,0,0,0.001,34.22
cell,4,optimizer_15,Optimizer,post,,,0,0,0,0.001,34.22
cell,4,optimizer_16,Optimizer,post,,,0,0,0,0.001,34.22
cell,4,optimizer_17,Optimizer,post,,,0,0,0,0.001,34.22
cell,4,optimizer_18,Optimizer,post,,,0,0,0,0.001,34.22
cell,4,optimizer_19,Optimizer,post,,,0,0,0,0.001,34.22
cell,4,optimizer_20,Optimizer,post,,,0,0,0,0.001,34.22
cell,4,optimizer_21,Optimizer,post,,,0,0,0,0.001,34.22
cell,4,optimizer_22,Optimizer,post,,,0,0,0,0.001,34.22
cell,4,optimizer_23,Optimizer,post,,,0,0,0,0.001,34.22
cell,4,optimizer_24,Optimizer,post,,,0,0,0,0.001,34.22
cell,4,optimizer_25,Optimizer,post,,,0,0,0,0.001,34.22
cell,4,optimizer_26,Optimizer,post,,,0,0,0,0.001,34.22
cell,4,optimizer_27,Optimizer,post,,,0,0,0,0.001,34.22
cell,4,optimizer_28,Optimizer,post,,,0,0,0,0.001,34.22
cell,4,optimizer_29,Optimizer,post,,,0,0,0,0.001,34.22
cell,4,optimizer_30,Optimizer,post,,,0,0,0,0.001,34.22
cell,4,optimizer_31,Optimizer,post,,,0,0,0,0.001,34.22
cell,4,optimizer_32,Optimizer,post,,,0,0,0,0.001,34.22
cell,4,optimizer_33,Optimizer,post,,,0,0,0,0.001,34.22
cell,4,optimizer_34,Optimizer,post,,,0,0,0,0.001,34.22
cell,4,optimizer_35,Optimizer,post,,,0,0,0,0.001,34.22
cell,4,optimizer_36,Optimizer,post,,,0,0,0,0.001,34.22
cell,4,optimizer_37,Optimizer,post,,,0,0,0,0.001,34.22
cell,4,optimizer_38,Optimizer,post,,,0,0,0,0.001,34.22
cell,4,optimizer_39,Optimizer,post,,,0,0,0,0.001,34.22
cell,4,optimizer_40,Optimizer,post,,,0,0,0,0.001,34.22
cell,4,optimizer_41,Optimizer,post,,,0,0,0,0.001,34.22
cell,4,optimizer_42,Optimizer,post,,,0,0,0,0.001,34.22
cell,4,optimizer_43,Optimizer,post,,,0,0,0,1.363,34.22
cell,4,optimizer_44,Optimizer,post,,,0,0,0,0.002,34.22
cell,4,optimizer_45,Optimizer,post,,,0,0,0,0.001,34.22
cell,4,optimizer_46,Optimizer,post,,,0,0,0,0.001,34.22
cell,4,optimizer_47,Optimizer,post,,,0,0,0,0.001,34.22
cell,4,optimizer_48,Optimizer,post,,,0,0,0,0.001,34.22
cell,4,optimizer_49,Optimizer,post,,,0,0,0,0.001,34.22
cell,4,optimizer_50,Optimizer,post,,,0,0,0,0.001,34.22
cell,4,optimizer_51,Optimizer,post,,,0,0,0,0.001,34.22
cell,4,optimizer_52,Optimizer,post,,,0,0,0,0.001,34.22
cell,4,optimizer_53,Optimizer,post,,,0,0,0,0.001,34.22
cell,4,optimizer_54,Optimizer,post,,,0,0,0,0.001,34.22
cell,4,optimizer_55,Optimizer,post,,,0,0,0,0.001,34.22
cell,4,optimizer_56,Optimizer,post,,,0,0,0,0.001,34.22
cell,4,optimizer_57,Optimizer,post,,,0,0,0,0.001,34.22
cell,4,optimizer_58,Optimizer,post,,,0,0,0,0.001,34.22
cell,4,optimizer_59,Optimizer,post,,,0,0,0,0.001,34.22
cell,4,optimizer_60,Optimizer,post,,,0,0,0,0.001,34.22
cell,4,optimizer_61,Optimizer,post,,,0,0,0,0.001,34.22
cell,4,optimizer_62,Optimizer,post,,,0,0,0,0.001,34.22
cell,4,optimizer_63,Optimizer,post,,,0,0,0,0.001,34.22
cell,4,optimizer_64,Optimizer,post,,,0,0,0,0.001,34.22
cell,4,optimizer_65,Optimizer,post,,,0,0,0,0.001,34.22
cell,4,optimizer_66,Optimizer,post,,,0,0,0,0.001,34.22
cell,4,optimizer_67,Optimizer,post,,,0,0,0,0.001,34.22
cell,4,optimizer_68,Optimizer,post,,,0,0,0,0.001,34.22
cell,4,optimizer_69,Optimizer,post,,,0,0,0,0.001,34.22
cell,4,optimizer_70,Optimizer,post,,,0,0,0,0.001,34.22
cell,4,optimizer_71,Optimizer,post,,,0,0,0,0.001,34.22
cell,4,optimizer_72,Optimizer,post,,,0,0,0,0.001,34.22
cell,4,optimizer_73,Optimizer,post,,,0,0,0,0.001,34.22
cell,4,optimizer_74,Optimizer,post,,,0,0,0,0.001,34.22
cell,4,optimizer_75,Optimizer,post,,,0,0,0,0.001,34.22
cell,4,optimizer_76,Optimizer,post,,,0,0,0,0.001,34.22
cell,4,optimizer_77,Optimizer,post,,,0,0,0,0.001,34.22
cell,4,optimizer_78,Optimizer,post,,,0,0,0,0.001,34.22
cell,4,optimizer_79,Optimizer,post,,,0,0,0,0.001,34.22
cell,4,optimizer_80,Optimizer,post,,,0,0,0,0.001,34.22
cell,4,optimizer_81,Optimizer,post,,,0,0,0,0.001,34.22
cell,4,optimizer_82,Optimizer,post,,,0,0,0,0.001,34.22
cell,4,optimizer_83,Optimizer,post,,,0,0,0,0.001,34.22
cell,4,optimizer_84,Optimizer,post,,,0,0,0,0.001,34.22
cell,4,optimizer_85,Optimizer,post,,,0,0,0,0.001,34.22
cell,4,optimizer_86,Optimizer,post,,,0,0,0,0.001,34.22
cell,4,optimizer_87,Optimizer,post,,,0,0,0,0.001,34.22
cell,4,optimizer_88,Optimizer,post,,,0,0,0,0.001,34.22
cell,4,optimizer_89,Optimizer,post,,,0,0,0,0.001,34.22
cell,4,optimizer_90,Optimizer,post,,,0,0,0,0.001,34.22
cell,4,optimizer_91,Optimizer,post,,,0,0,0,0.001,34.22
cell,4,optimizer_92,Optimizer,post,,,0,0,0,0.001,34.22
cell,4,optimizer_93,Optimizer,post,,,0,0,0,0.001,34.22
cell,4,optimizer_94,Optimizer,post,,,0,0,0,0.001,34.22
cell,4,optimizer_95,Optimizer,post,,,0,0,0,0.001,34.22
cell,4,optimizer_96,Optimizer,post,,,0,0,0,0.001,34.22
cell,4,optimizer_97,Optimizer,post,,,0,0,0,0.001,34.22
cell,4,optimizer_98,Optimizer,post,,,0,0,0,0.001,34.22
cell,4,optimizer_99,Optimizer,post,,,0,0,0,0.001,34.22
cell,5,optimizer_0,Optimizer,post,,,0,0,0,0.001,34.22
cell,5,optimizer_1,Optimizer,post,,,0,0,0,0.001,34.22
cell,5,optimizer_2,Optimizer,post,,,0,0,0,0.001,34.22
cell,5,optimizer_3,Optimizer,post,,,0,0,0,0.001,34.22
cell,5,optimizer_4,Optimizer,post,,,0,0,0,0.001,34.22
cell,5,optimizer_5,Optimizer,post,,,0,0,0,0.001,34.22
cell,5,optimizer_6,Optimizer,post,,,0,0,0,0.001,34.22
cell,5,optimizer_7,Optimizer,post,,,0,0,0,0.001,34.22
cell,5,optimizer_8,Optimizer,post,,,0,0,0,0.001,34.22
cell,5,optimizer_9,Optimizer,post,,,0,0,0,0.001,34.22
cell,5,optimizer_10,Optimizer,post,,,0,0,0,0.001,34.22
cell,5,optimizer_11,Optimizer,post,,,0,0,0,0.001,34.22
cell,5,optimizer_12,Optimizer,post,,,0,0,0,0.001,34.22
cell,5,optimizer_13,Optimizer,post,,,0,0,0,0.001,34.22
cell,5,optimizer_14,Optimizer,post,,,0,0,0,0.001,34.22
cell,5,optimizer_15,Optimizer,post,,,0,0,0,0.001,34.22
cell,5,optimizer_16,Optimizer,post,,,0,0,0,0.001,34.22
cell,5,optimizer_17,Optimizer,post,,,0,0,0,0.001,34.22
cell,5,optimizer_18,Optimizer,post,,,0,0,0,0.001,34.22
cell,5,optimizer_19,Optimizer,post,,,0,0,0,0.001,34.22
cell,5,optimizer_20,Optimizer,post,,,0,0,0,0.001,34.22
cell,5,optimizer_21,Optimizer,post,,,0,0,0,0.001,34.22
cell,5,optimizer_22,Optimizer,post,,,0,0,0,0.001,34.22
cell,5,optimizer_23,Optimizer,post,,,0,0,0,0.001,34.22
cell,5,optimizer_24,Optimizer,post,,,0,0,0,0.001,34.22
cell,5,optimizer_25,Optimizer,post,,,0,0,0,0.001,34.22
cell,5,optimizer_26,Optimizer,post,,,0,0,0,0.001,34.22
cell,5,optimizer_27,Optimizer,post,,,0,0,0,0.001,34.22
cell,5,optimizer_28,Optimizer,post,,,0,0,0,0.001,34.22
cell,5,optimizer_29,Optimizer,post,,,0,0,0,0.001,34.22
cell,5,optimizer_30,Optimizer,post,,,0,0,0,0.001,34.22
cell,5,optimizer_31,Optimizer,post,,,0,0,0,0.001,34.22
cell,5,optimizer_32,Optimizer,post,,,0,0,0,0.001,34.22
cell,5,optimizer_33,Optimizer,post,,,0,0,0,0.001,34.22
cell,5,optimizer_34,Optimizer,post,,,0,0,0,0.001,34.22
cell,5,optimizer_35,Optimizer,post,,,0,0,0,0.001,34.22
cell,5,optimizer_36,Optimizer,post,,,0,0,0,0.001,34.22
cell,5,optimizer_37,Optimizer,post,,,0,0,0,0.001,34.22
cell,5,optimizer_38,Optimizer,post,,,0,0,0,0.001,34.22
cell,5,optimizer_39,Optimizer,post,,,0,0,0,0.001,34.22
cell,5,optimizer_40,Optimizer,post,,,0,0,0,0.001,34.22
cell,5,optimizer_41,Optimizer,post,,,0,0,0,0.001,34.22
cell,5,optimizer_42,Optimizer,post,,,0,0,0,0.001,34.22
cell,5,optimizer_43,Optimizer,post,,,0,0,0,0.001,34.22
cell,5,optimizer_44,Optimizer,post,,,0,0,0,0.001,34.22
cell,5,optimizer_45,Optimizer,post,,,0,0,0,0.001,34.22
cell,5,optimizer_46,Optimizer,post,,,0,0,0,0.001,34.22
cell,5,optimizer_47,Optimizer,post,,,0,0,0,0.001,34.22
cell,5,optimizer_48,Optimizer,post,,,0,0,0,0.001,34.22
cell,5,optimizer_49,Optimizer,post,,,0,0,0,0.001,34.22
cell,5,optimizer_50,Optimizer,post,,,0,0,0,0.001,34.22
cell,5,optimizer_51,Optimizer,post,,,0,0,0,0.001,34.22
cell,5,optimizer_52,Optimizer,post,,,0,0,0,0.001,34.22
cell,5,optimizer_53,Optimizer,post,,,0,0,0,0.001,34.22
cell,5,optimizer_54,Optimizer,post,,,0,0,0,0.001,34.22
cell,5,optimizer_55,Optimizer,post,,,0,0,0,0.001,34.22
cell,5,optimizer_56,Optimizer,post,,,0,0,0,0.001,34.22
cell,5,optimizer_57,Optimizer,post,,,0,0,0,0.001,34.22
cell,5,optimizer_58,Optimizer,post,,,0,0,0,0.001,34.22
cell,5,optimizer_59,Optimizer,post,,,0,0,0,0.001,34.22
cell,5,optimizer_60,Optimizer,post,,,0,0,0,0.001,34.22
cell,5,optimizer_61,Optimizer,post,,,0,0,0,0.001,34.22
cell,5,optimizer_62,Optimizer,post,,,0,0,0,0.001,34.22
cell,5,optimizer_63,Optimizer,post,,,0,0,0,0.001,34.22
cell,5,optimizer_64,Optimizer,post,,,0,0,0,0.001,34.22
cell,5,optimizer_65,Optimizer,post,,,0,0,0,0.001,34.22
cell,5,optimizer_66,Optimizer,post,,,0,0,0,0.001,34.22
cell,5,optimizer_67,Optimizer,post,,,0,0,0,0.001,34.22
cell,5,optimizer_68,Optimizer,post,,,0,0,0,0.001,34.22
cell,5,optimizer_69,Optimizer,post,,,0,0,0,0.001,34.22
cell,5,optimizer_70,Optimizer,post,,,0,0,0,0.001,34.22
cell,5,optimizer_71,Optimizer,post,,,0,0,0,0.001,34.22
cell,5,optimizer_72,Optimizer,post,,,0,0,0,0.001,34.22
cell,5,optimizer_73,Optimizer,post,,,0,0,0,0.001,34.22
cell,5,optimizer_74,Optimizer,post,,,0,0,0,0.001,34.22
cell,5,optimizer_75,Optimizer,post,,,0,0,0,0.001,34.22
cell,5,optimizer_76,Optimizer,post,,,0,0,0,0.001,34.22
cell,5,optimizer_77,Optimizer,post,,,0,0,0,0.001,34.22
cell,5,optimizer_78,Optimizer,post,,,0,0,0,0.001,34.22
cell,5,optimizer_79,Optimizer,post,,,0,0,0,0.001,34.22
cell,5,optimizer_80,Optimizer,post,,,0,0,0,0.001,34.22
cell,5,optimizer_81,Optimizer,post,,,0,0,0,0.001,34.22
cell,5,optimizer_82,Optimizer,post,,,0,0,0,0.001,34.22
cell,5,optimizer_83,Optimizer,post,,,0,0,0,0.001,34.22
cell,5,optimizer_84,Optimizer,post,,,0,0,0,0.001,34.22
cell,5,optimizer_85,Optimizer,post,,,0,0,0,0.001,34.22
cell,5,optimizer_86,Optimizer,post,,,0,0,0,0.001,34.22
cell,5,optimizer_87,Optimizer,post,,,0,0,0,0.001,34.22
cell,5,optimizer_88,Optimizer,post,,,0,0,0,0.001,34.22
cell,5,optimizer_89,Optimizer,post,,,0,0,0,0.001,34.22
cell,5,optimizer_90,Optimizer,post,,,0,0,0,0.001,34.22
cell,5,optimizer_91,Optimizer,post,,,0,0,0,0.001,34.22
cell,5,optimizer_92,Optimizer,post,,,0,0,0,0.001,34.22
cell,5,optimizer_93,Optimizer,post,,,0,0,0,0.001,34.22
cell,5,optimizer_94,Optimizer,post,,,0,0,0,0.001,34.22
cell,5,optimizer_95,Optimizer,post,,,0,0,0,0.001,34.22
cell,5,optimizer_96,Optimizer,post,,,0,0,0,0.001,34.22
cell,5,optimizer_97,Optimizer,post,,,0,0,0,0.001,34.22
cell,5,optimizer_98,Optimizer,post,,,0,0,0,0.001,34.22
cell,5,optimizer_99,Optimizer,post,,,0,0,0,0.001,34.22
cell,6,optimizer_0,Optimizer,post,,,0,0,0,0.001,34.22
cell,6,optimizer_1,Optimizer,post,,,0,0,0,0.001,34.22
cell,6,optimizer_2,Optimizer,post,,,0,0,0,0.001,34.22
cell,6,optimizer_3,Optimizer,post,,,0,0,0,0.001,34.22
cell,6,optimizer_4,Optimizer,post,,,0,0,0,0.001,34.22
cell,6,optimizer_5,Optimizer,post,,,0,0,0,0.001,34.22
cell,6,optimizer_6,Optimizer,post,,,0,0,0,0.001,34.22
cell,6,optimizer_7,Optimizer,post,,,0,0,0,0.001,34.22
cell,6,optimizer_8,Optimizer,post,,,0,0,0,0.001,34.22
cell,6,optimizer_9,Optimizer,post,,,0,0,0,0.001,34.22
cell,6,optimizer_10,Optimizer,post,,,0,0,0,0.001,34.22
cell,6,optimizer_11,Optimizer,post,,,0,0,0,0.001,34.22
cell,6,optimizer_12,Optimizer,post,,,0,0,0,0.001,34.22
cell,6,optimizer_13,Optimizer,post,,,0,0,0,0.001,34.22
cell,6,optimizer_14,Optimizer,post,,,0,0,0,0.001,34.22
cell,6,optimizer_15,Optimizer,post,,,0,0,0,0.001,34.22
cell,6,optimizer_16,Optimizer,post,,,0,0,0,0.001,34.22
cell,6,optimizer_17,Optimizer,post,,,0,0,0,0.001,34.22
cell,6,optimizer_18,Optimizer,post,,,0,0,0,0.001,34.22
cell,6,optimizer_19,Optimizer,post,,,0,0,0,0.001,34.22
cell,6,optimizer_20,Optimizer,post,,,0,0,0,0.001,34.22
cell,6,optimizer_21,Optimizer,post,,,0,0,0,0.001,34.22
cell,6,optimizer_22,Optimizer,post,,,0,0,0,0.001,34.22
cell,6,optimizer_23,Optimizer,post,,,0,0,0,0.001,34.22
cell,6,optimizer_24,Optimizer,post,,,0,0,0,0.001,34.22
cell,6,optimizer_25,Optimizer,post,,,0,0,0,0.001,34.22
cell,6,optimizer_26,Optimizer,post,,,0,0,0,0.001,34.22
cell,6,optimizer_27,Optimizer,post,,,0,0,0,0.001,34.22
cell,6,optimizer_28,Optimizer,post,,,0,0,0,0.001,34.22
cell,6,optimizer_29,Optimizer,post,,,0,0,0,0.001,34.22
cell,6,optimizer_30,Optimizer,post,,,0,0,0,0.001,34.22
cell,6,optimizer_31,Optimizer,post,,,0,0,0,0.001,34.22
cell,6,optimizer_32,Optimizer,post,,,0,0,0,0.001,34.22
cell,6,optimizer_33,Optimizer,post,,,0,0,0,0.001,34.22
cell,6,optimizer_34,Optimizer,post,,,0,0,0,0.001,34.22
cell,6,optimizer_35,Optimizer,post,,,0,0,0,0.001,34.22
cell,6,optimizer_36,Optimizer,post,,,0,0,0,0.001,34.22
cell,6,optimizer_37,Optimizer,post,,,0,0,0,0.001,34.22
cell,6,optimizer_38,Optimizer,post,,,0,0,0,0.001,34.22
cell,6,optimizer_39,Optimizer,post,,,0,0,0,0.001,34.22
cell,6,optimizer_40,Optimizer,post,,,0,0,0,0.001,34.22
cell,6,optimizer_41,Optimizer,post,,,0,0,0,0.001,34.22
cell,6,optimizer_42,Optimizer,post,,,0,0,0,0.001,34.22
cell,6,optimizer_43,Optimizer,post,,,0,0,0,0.001,34.22
cell,6,optimizer_44,Optimizer,post,,,0,0,0,0.001,34.22
cell,6,optimizer_45,Optimizer,post,,,0,0,0,0.001,34.22
cell,6,optimizer_46,Optimizer,post,,,0,0,0,0.001,34.22
cell,6,optimizer_47,Optimizer,post,,,0,0,0,0.001,34.22
cell,6,optimizer_48,Optimizer,post,,,0,0,0,0.001,34.22
cell,6,optimizer_49,Optimizer,post,,,0,0,0,0.001,34.22
cell,6,optimizer_50,Optimizer,post,,,0,0,0,0.001,34.22
cell,6,optimizer_51,Optimizer,post,,,0,0,0,0.001,34.22
cell,6,optimizer_52,Optimizer,post,,,0,0,0,0.001,34.22
cell,6,optimizer_53,Optimizer,post,,,0,0,0,0.001,34.22
cell,6,optimizer_54,Optimizer,post,,,0,0,0,0.001,34.22
cell,6,optimizer_55,Optimizer,post,,,0,0,0,0.001,34.22
cell,6,optimizer_56,Optimizer,post,,,0,0,0,0.001,34.22
cell,6,optimizer_57,Optimizer,post,,,0,0,0,0.001,34.22
cell,6,optimizer_58,Optimizer,post,,,0,0,0,0.001,34.22
cell,6,optimizer_59,Optimizer,post,,,0,0,0,0.001,34.22
cell,6,optimizer_60,Optimizer,post,,,0,0,0,0.001,34.22
cell,6,optimizer_61,Optimizer,post,,,0,0,0,0.001,34.22
cell,6,optimizer_62,Optimizer,post,,,0,0,0,0.001,34.22
cell,6,optimizer_63,Optimizer,post,,,0,0,0,0.001,34.22
cell,6,optimizer_64,Optimizer,post,,,0,0,0,0.001,34.22
cell,6,optimizer_65,Optimizer,post,,,0,0,0,0.001,34.22
cell,6,optimizer_66,Optimizer,post,,,0,0,0,0.001,34.22
cell,6,optimizer_67,Optimizer,post,,,0,0,0,0.001,34.22
cell,6,optimizer_68,Optimizer,post,,,0,0,0,0.001,34.22
cell,6,optimizer_69,Optimizer,post,,,0,0,0,0.001,34.22
cell,6,optimizer_70,Optimizer,post,,,0,0,0,0.001,34.22
cell,6,optimizer_71,Optimizer,post,,,0,0,0,0.001,34.22
cell,6,optimizer_72,Optimizer,post,,,0,0,0,0.001,34.22
cell,6,optimizer_73,Optimizer,post,,,0,0,0,0.001,34.22
cell,6,optimizer_74,Optimizer,post,,,0,0,0,0.001,34.22
cell,6,optimizer_75,Optimizer,post,,,0,0,0,0.001,34.22
cell,6,optimizer_76,Optimizer,post,,,0,0,0,0.001,34.22
cell,6,optimizer_77,Optimizer,post,,,0,0,0,0.001,34.22
cell,6,optimizer_78,Optimizer,post,,,0,0,0,0.001,34.22
cell,6,optimizer_79,Optimizer,post,,,0,0,0,0.001,34.22
cell,6,optimizer_80,Optimizer,post,,,0,0,0,0.001,34.22
cell,6,optimizer_81,Optimizer,post,,,0,0,0,0.001,34.22
cell,6,optimizer_82,Optimizer,post,,,0,0,0,0.001,34.22
cell,6,optimizer_83,Optimizer,post,,,0,0,0,0.001,34.22
cell,6,optimizer_84,Optimizer,post,,,0,0,0,0.001,34.22
cell,6,optimizer_85,Optimizer,post,,,0,0,0,0.001,34.22
cell,6,optimizer_86,Optimizer,post,,,0,0,0,0.001,34.22
cell,6,optimizer_87,Optimizer,post,,,0,0,0,0.001,34.22
cell,6,optimizer_88,Optimizer,post,,,0,0,0,0.001,34.22
cell,6,optimizer_89,Optimizer,post,,,0,0,0,0.001,34.22
cell,6,optimizer_90,Optimizer,post,,,0,0,0,0.001,34.22
cell,6,optimizer_91,Optimizer,post,,,0,0,0,0.001,34.22
cell,6,optimizer_92,Optimizer,post,,,0,0,0,0.001,34.22
cell,6,optimizer_93,Optimizer,post,,,0,0,0,0.002,34.22
cell,6,optimizer_94,Optimizer,post,,,0,0,0,0.001,34.22
cell,6,optimizer_95,Optimizer,post,,,0,0,0,0.001,34.22
cell,6,optimizer_96,Optimizer,post,,,0,0,0,0.001,34.22
cell,6,optimizer_97,Optimizer,post,,,0,0,0,0.001,34.22
cell,6,optimizer_98,Optimizer,post,,,0,0,0,0.001,34.22
cell,6,optimizer_99,Optimizer,post,,,0,0,0,0.001,34.22
cell,7,optimizer_0,Optimizer,post,,,0,0,0,0.001,34.22
cell,7,optimizer_1,Optimizer,post,,,0,0,0,0.001,34.22
cell,7,optimizer_2,Optimizer,post,,,0,0,0,0.001,34.22
cell,7,optimizer_3,Optimizer,post,,,0,0,0,0.001,34.22
cell,7,optimizer_4,Optimizer,post,,,0,0,0,0.001,34.22
cell,7,optimizer_5,Optimizer,post,,,0,0,0,0.001,34.22
cell,7,optimizer_6,Optimizer,post,,,0,0,0,0.001,34.22
cell,7,optimizer_7,Optimizer,post,,,0,0,0,0.001,34.22
cell,7,optimizer_8,Optimizer,post,,,0,0,0,0.001,34.22
cell,7,optimizer_9,Optimizer,post,,,0,0,0,0.001,34.22
cell,7,optimizer_10,Optimizer,post,,,0,0,0,0.001,34.22
cell,7,optimizer_11,Optimizer,post,,,0,0,0,0.001,34.22
cell,7,optimizer_12,Optimizer,post,,,0,0,0,0.001,34.22
cell,7,optimizer_13,Optimizer,post,,,0,0,0,0.001,34.22
cell,7,optimizer_14,Optimizer,post,,,0,0,0,0.001,34.22
cell,7,optimizer_15,Optimizer,post,,,0,0,0,0.001,34.22
cell,7,optimizer_16,Optimizer,post,,,0,0,0,0.001,34.22
cell,7,optimizer_17,Optimizer,post,,,0,0,0,0.001,34.22
cell,7,optimizer_18,Optimizer,post,,,0,0,0,0.001,34.22
cell,7,optimizer_19,Optimizer,post,,,0,0,0,0.001,34.22
cell,7,optimizer_20,Optimizer,post,,,0,0,0,0.001,34.22
cell,7,optimizer_21,Optimizer,post,,,0,0,0,0.001,34.22
cell,7,optimizer_22,Optimizer,post,,,0,0,0,0.001,34.22
cell,7,optimizer_23,Optimizer,post,,,0,0,0,0.001,34.22
cell,7,optimizer_24,Optimizer,post,,,0,0,0,0.001,34.22
cell,7,optimizer_25,Optimizer,post,,,0,0,0,0.001,34.22
cell,7,optimizer_26,Optimizer,post,,,0,0,0,0.001,34.22
cell,7,optimizer_27,Optimizer,post,,,0,0,0,0.001,34.22
cell,7,optimizer_28,Optimizer,post,,,0,0,0,0.001,34.22
cell,7,optimizer_29,Optimizer,post,,,0,0,0,0.001,34.22
cell,7,optimizer_30,Optimizer,post,,,0,0,0,0.001,34.22
cell,7,optimizer_31,Optimizer,post,,,0,0,0,0.001,34.22
cell,7,optimizer_32,Optimizer,post,,,0,0,0,0.001,34.22
cell,7,optimizer_33,Optimizer,post,,,0,0,0,0.001,34.22
cell,7,optimizer_34,Optimizer,post,,,0,0,0,0.001,34.22
cell,7,optimizer_35,Optimizer,post,,,0,0,0,0.001,34.22
cell,7,optimizer_36,Optimizer,post,,,0,0,0,0.001,34.22
cell,7,optimizer_37,Optimizer,post,,,0,0,0,0.001,34.22
cell,7,optimizer_38,Optimizer,post,,,0,0,0,0.001,34.22
cell,7,optimizer_39,Optimizer,post,,,0,0,0,0.001,34.22
cell,7,optimizer_40,Optimizer,post,,,0,0,0,0.001,34.22
cell,7,optimizer_41,Optimizer,post,,,0,0,0,0.001,34.22
cell,7,optimizer_42,Optimizer,post,,,0,0,0,0.001,34.22
cell,7,optimizer_43,Optimizer,post,,,0,0,0,0.001,34.22
cell,7,optimizer_44,Optimizer,post,,,0,0,0,0.001,34.22
cell,7,optimizer_45,Optimizer,post,,,0,0,0,0.001,34.22
cell,7,optimizer_46,Optimizer,post,,,0,0,0,0.001,34.22
cell,7,optimizer_47,Optimizer,post,,,0,0,0,0.001,34.22
cell,7,optimizer_48,Optimizer,post,,,0,0,0,0.001,34.22
cell,7,optimizer_49,Optimizer,post,,,0,0,0,0.001,34.22
cell,7,optimizer_50,Optimizer,post,,,0,0,0,0.001,34.22
cell,7,optimizer_51,Optimizer,post,,,0,0,0,0.001,34.22
cell,7,optimizer_52,Optimizer,post,,,0,0,0,0.001,34.22
cell,7,optimizer_53,Optimizer,post,,,0,0,0,0.001,34.22
cell,7,optimizer_54,Optimizer,post,,,0,0,0,0.001,34.22
cell,7,optimizer_55,Optimizer,post,,,0,0,0,0.001,34.22
cell,7,optimizer_56,Optimizer,post,,,0,0,0,0.001,34.22
cell,7,optimizer_57,Optimizer,post,,,0,0,0,0.001,34.22
cell,7,optimizer_58,Optimizer,post,,,0,0,0,0.001,34.22
cell,7,optimizer_59,Optimizer,post,,,0,0,0,0.001,34.22
cell,7,optimizer_60,Optimizer,post,,,0,0,0,0.001,34.22
cell,7,optimizer_61,Optimizer,post,,,0,0,0,0.001,34.22
cell,7,optimizer_62,Optimizer,post,,,0,0,0,0.001,34.22
cell,7,optimizer_63,Optimizer,post,,,0,0,0,0.001,34.22
cell,7,optimizer_64,Optimizer,post,,,0,0,0,0.001,34.22
cell,7,optimizer_65,Optimizer,post,,,0,0,0,0.001,34.22
cell,7,optimizer_66,Optimizer,post,,,0,0,0,0.001,34.22
cell,7,optimizer_67,Optimizer,post,,,0,0,0,0.001,34.22
cell,7,optimizer_68,Optimizer,post,,,0,0,0,0.001,34.22
cell,7,optimizer_69,Optimizer,post,,,0,0,0,0.001,34.22
cell,7,optimizer_70,Optimizer,post,,,0,0,0,0.001,34.22
cell,7,optimizer_71,Optimizer,post,,,0,0,0,0.001,34.22
cell,7,optimizer_72,Optimizer,post,,,0,0,0,0.001,34.22
cell,7,optimizer_73,Optimizer,post,,,0,0,0,0.001,34.22
cell,7,optimizer_74,Optimizer,post,,,0,0,0,0.001,34.22
cell,7,optimizer_75,Optimizer,post,,,0,0,0,0.001,34.22
cell,7,optimizer_76,Optimizer,post,,,0,0,0,0.001,34.22
cell,7,optimizer_77,Optimizer,post,,,0,0,0,0.001,34.22
cell,7,optimizer_78,Optimizer,post,,,0,0,0,0.001,34.22
cell,7,optimizer_79,Optimizer,post,,,0,0,0,0.001,34.22
cell,7,optimizer_80,Optimizer,post,,,0,0,0,0.001,34.22
cell,7,optimizer_81,Optimizer,post,,,0,0,0,0.001,34.22
cell,7,optimizer_82,Optimizer,post,,,0,0,0,0.001,34.22
cell,7,optimizer_83,Optimizer,post,,,0,0,0,0.001,34.22
cell,7,optimizer_84,Optimizer,post,,,0,0,0,0.001,34.22
cell,7,optimizer_85,Optimizer,post,,,0,0,0,0.001,34.22
cell,7,optimizer_86,Optimizer,post,,,0,0,0,0.001,34.22
cell,7,optimizer_87,Optimizer,post,,,0,0,0,0.001,34.22
cell,7,optimizer_88,Optimizer,post,,,0,0,0,0.001,34.22
cell,7,optimizer_89,Optimizer,post,,,0,0,0,0.001,34.22
cell,7,optimizer_90,Optimizer,post,,,0,0,0,0.001,34.22
cell,7,optimizer_91,Optimizer,post,,,0,0,0,0.001,34.22
cell,7,optimizer_92,Optimizer,post,,,0,0,0,0.001,34.22
cell,7,optimizer_93,Optimizer,post,,,0,0,0,0.001,34.22
cell,7,optimizer_94,Optimizer,post,,,0,0,0,0.001,34.22
cell,7,optimizer_95,Optimizer,post,,,0,0,0,0.001,34.22
cell,7,optimizer_96,Optimizer,post,,,0,0,0,0.001,34.22
cell,7,optimizer_97,Optimizer,post,,,0,0,0,0.001,34.22
cell,7,optimizer_98,Optimizer,post,,,0,0,0,0.001,34.22
cell,7,optimizer_99,Optimizer,post,,,0,0,0,0.001,34.22
cell,8,optimizer_0,Optimizer,post,,,0,0,0,0.001,34.22
cell,8,optimizer_1,Optimizer,post,,,0,0,0,0.001,34.22
cell,8,optimizer_2,Optimizer,post,,,0,0,0,0.001,34.22
cell,8,optimizer_3,Optimizer,post,,,0,0,0,0.001,34.22
cell,8,optimizer_4,Optimizer,post,,,0,0,0,0.001,34.22
cell,8,optimizer_5,Optimizer,post,,,0,0,0,0.001,34.22
cell,8,optimizer_6,Optimizer,post,,,0,0,0,0.001,34.22
cell,8,optimizer_7,Optimizer,post,,,0,0,0,0.001,34.22
cell,8,optimizer_8,Optimizer,post,,,0,0,0,0.001,34.22
cell,8,optimizer_9,Optimizer,post,,,0,0,0,0.001,34.22
cell,8,optimizer_10,Optimizer,post,,,0,0,0,0.001,34.22
cell,8,optimizer_11,Optimizer,post,,,0,0,0,0.001,34.22
cell,8,optimizer_12,Optimizer,post,,,0,0,0,0.001,34.22
cell,8,optimizer_13,Optimizer,post,,,0,0,0,0.001,34.22
cell,8,optimizer_14,Optimizer,post,,,0,0,0,0.001,34.22
cell,8,optimizer_15,Optimizer,post,,,0,0,0,0.001,34.22
cell,8,optimizer_16,Optimizer,post,,,0,0,0,0.001,34.22
cell,8,optimizer_17,Optimizer,post,,,0,0,0,0.001,34.22
cell,8,optimizer_18,Optimizer,post,,,0,0,0,0.001,34.22
cell,8,optimizer_19,Optimizer,post,,,0,0,0,0.001,34.22
cell,8,optimizer_20,Optimizer,post,,,0,0,0,0.001,34.22
cell,8,optimizer_21,Optimizer,post,,,0,0,0,0.001,34.22
cell,8,optimizer_22,Optimizer,post,,,0,0,0,0.001,34.22
cell,8,optimizer_23,Optimizer,post,,,0,0,0,0.001,34.22
cell,8,optimizer_24,Optimizer,post,,,0,0,0,0.001,34.22
cell,8,optimizer_25,Optimizer,post,,,0,0,0,0.001,34.22
cell,8,optimizer_26,Optimizer,post,,,0,0,0,0.001,34.22
cell,8,optimizer_27,Optimizer,post,,,0,0,0,0.001,34.22
cell,8,optimizer_28,Optimizer,post,,,0,0,0,0.001,34.22
cell,8,optimizer_29,Optimizer,post,,,0,0,0,0.001,34.22
cell,8,optimizer_30,Optimizer,post,,,0,0,0,0.001,34.22
cell,8,optimizer_31,Optimizer,post,,,0,0,0,0.001,34.22
cell,8,optimizer_32,Optimizer,post,,,0,0,0,0.001,34.22
cell,8,optimizer_33,Optimizer,post,,,0,0,0,0.001,34.22
cell,8,optimizer_34,Optimizer,post,,,0,0,0,0.001,34.22
cell,8,optimizer_35,Optimizer,post,,,0,0,0,0.001,34.22
cell,8,optimizer_36,Optimizer,post,,,0,0,0,0.001,34.22
cell,8,optimizer_37,Optimizer,post,,,0,0,0,0.001,34.22
cell,8,optimizer_38,Optimizer,post,,,0,0,0,0.001,34.22
cell,8,optimizer_39,Optimizer,post,,,0,0,0,0.001,34.22
cell,8,optimizer_40,Optimizer,post,,,0,0,0,0.001,34.22
cell,8,optimizer_41,Optimizer,post,,,0,0,0,0.001,34.22
cell,8,optimizer_42,Optimizer,post,,,0,0,0,0.001,34.22
cell,8,optimizer_43,Optimizer,post,,,0,0,0,0.001,34.22
cell,8,optimizer_44,Optimizer,post,,,0,0,0,0.001,34.22
cell,8,optimizer_45,Optimizer,post,,,0,0,0,0.001,34.22
cell,8,optimizer_46,Optimizer,post,,,0,0,0,0.001,34.22
cell,8,optimizer_47,Optimizer,post,,,0,0,0,0.001,34.22
cell,8,optimizer_48,Optimizer,post,,,0,0,0,0.001,34.22
cell,8,optimizer_49,Optimizer,post,,,0,0,0,0.001,34.22
cell,8,optimizer_50,Optimizer,post,,,0,0,0,0.001,34.22
cell,8,optimizer_51,Optimizer,post,,,0,0,0,0.001,34.22
cell,8,optimizer_52,Optimizer,post,,,0,0,0,0.001,34.22
cell,8,optimizer_53,Optimizer,post,,,0,0,0,0.001,34.22
cell,8,optimizer_54,Optimizer,post,,,0,0,0,0.001,34.22
cell,8,optimizer_55,Optimizer,post,,,0,0,0,0.001,34.22
cell,8,optimizer_56,Optimizer,post,,,0,0,0,0.001,34.22
cell,8,optimizer_57,Optimizer,post,,,0,0,0,0.001,34.22
cell,8,optimizer_58,Optimizer,post,,,0,0,0,0.001,34.22
cell,8,optimizer_59,Optimizer,post,,,0,0,0,0.001,34.22
cell,8,optimizer_60,Optimizer,post,,,0,0,0,0.001,34.22
cell,8,optimizer_61,Optimizer,post,,,0,0,0,0.001,34.22
cell,8,optimizer_62,Optimizer,post,,,0,0,0,0.001,34.22
cell,8,optimizer_63,Optimizer,post,,,0,0,0,0.001,34.22
cell,8,optimizer_64,Optimizer,post,,,0,0,0,0.001,34.22
cell,8,optimizer_65,Optimizer,post,,,0,0,0,0.001,34.22
cell,8,optimizer_66,Optimizer,post,,,0,0,0,0.001,34.22
cell,8,optimizer_67,Optimizer,post,,,0,0,0,0.001,34.22
cell,8,optimizer_68,Optimizer,post,,,0,0,0,0.001,34.22
cell,8,optimizer_69,Optimizer,post,,,0,0,0,0.001,34.22
cell,8,optimizer_70,Optimizer,post,,,0,0,0,0.001,34.22
cell,8,optimizer_71,Optimizer,post,,,0,0,0,0.001,34.22
cell,8,optimizer_72,Optimizer,post,,,0,0,0,0.001,34.22
cell,8,optimizer_73,Optimizer,post,,,0,0,0,0.001,34.22
cell,8,optimizer_74,Optimizer,post,,,0,0,0,0.001,34.22
cell,8,optimizer_75,Optimizer,post,,,0,0,0,0.001,34.22
cell,8,optimizer_76,Optimizer,post,,,0,0,0,0.001,34.22
cell,8,optimizer_77,Optimizer,post,,,0,0,0,0.001,34.22
cell,8,optimizer_78,Optimizer,post,,,0,0,0,0.001,34.22
cell,8,optimizer_79,Optimizer,post,,,0,0,0,0.001,34.22
cell,8,optimizer_80,Optimizer,post,,,0,0,0,0.001,34.22
cell,8,optimizer_81,Optimizer,post,,,0,0,0,0.001,34.22
cell,8,optimizer_82,Optimizer,post,,,0,0,0,0.001,34.22
cell,8,optimizer_83,Optimizer,post,,,0,0,0,0.001,34.22
cell,8,optimizer_84,Optimizer,post,,,0,0,0,0.001,34.22
cell,8,optimizer_85,Optimizer,post,,,0,0,0,0.001,34.22
cell,8,optimizer_86,Optimizer,post,,,0,0,0,0.001,34.22
cell,8,optimizer_87,Optimizer,post,,,0,0,0,0.001,34.22
cell,8,optimizer_88,Optimizer,post,,,0,0,0,0.001,34.22
cell,8,optimizer_89,Optimizer,post,,,0,0,0,0.001,34.22
cell,8,optimizer_90,Optimizer,post,,,0,0,0,0.001,34.22
cell,8,optimizer_91,Optimizer,post,,,0,0,0,0.001,34.22
cell,8,optimizer_92,Optimizer,post,,,0,0,0,0.001,34.22
cell,8,optimizer_93,Optimizer,post,,,0,0,0,0.001,34.22
cell,8,optimizer_94,Optimizer,post,,,0,0,0,0.001,34.22
cell,8,optimizer_95,Optimizer,post,,,0,0,0,0.001,34.22
cell,8,optimizer_96,Optimizer,post,,,0,0,0,0.001,34.22
cell,8,optimizer_97,Optimizer,post,,,0,0,0,0.001,34.22
cell,8,optimizer_98,Optimizer,post,,,0,0,0,0.001,34.22
cell,8,optimizer_99,Optimizer,post,,,0,0,0,0.001,34.22
cell,9,optimizer_0,Optimizer,post,,,0,0,0,0.001,34.22
cell,9,optimizer_1,Optimizer,post,,,0,0,0,0.001,34.22
cell,9,optimizer_2,Optimizer,post,,,0,0,0,0.001,34.22
cell,9,optimizer_3,Optimizer,post,,,0,0,0,0.001,34.22
cell,9,optimizer_4,Optimizer,post,,,0,0,0,0.001,34.22
cell,9,optimizer_5,Optimizer,post,,,0,0,0,0.001,34.22
cell,9,optimizer_6,Optimizer,post,,,0,0,0,0.001,34.22
cell,9,optimizer_7,Optimizer,post,,,0,0,0,0.001,34.22
cell,9,optimizer_8,Optimizer,post,,,0,0,0,0.001,34.22
cell,9,optimizer_9,Optimizer,post,,,0,0,0,0.001,34.22
cell,9,optimizer_10,Optimizer,post,,,0,0,0,0.001,34.22
cell,9,optimizer_11,Optimizer,post,,,0,0,0,0.001,34.22
cell,9,optimizer_12,Optimizer,post,,,0,0,0,0.001,34.22
cell,9,optimizer_13,Optimizer,post,,,0,0,0,0.001,34.22
cell,9,optimizer_14,Optimizer,post,,,0,0,0,0.001,34.22
cell,9,optimizer_15,Optimizer,post,,,0,0,0,0.001,34.22
cell,9,optimizer_16,Optimizer,post,,,0,0,0,0.001,34.22
cell,9,optimizer_17,Optimizer,post,,,0,0,0,0.001,34.22
cell,9,optimizer_18,Optimizer,post,,,0,0,0,0.001,34.22
cell,9,optimizer_19,Optimizer,post,,,0,0,0,0.001,34.22
cell,9,optimizer_20,Optimizer,post,,,0,0,0,0.001,34.22
cell,9,optimizer_21,Optimizer,post,,,0,0,0,0.001,34.22
cell,9,optimizer_22,Optimizer,post,,,0,0,0,0.001,34.22
cell,9,optimizer_23,Optimizer,post,,,0,0,0,0.001,34.22
cell,9,optimizer_24,Optimizer,post,,,0,0,0,0.001,34.22
cell,9,optimizer_25,Optimizer,post,,,0,0,0,0.001,34.22
cell,9,optimizer_26,Optimizer,post,,,0,0,0,0.001,34.22
cell,9,optimizer_27,Optimizer,post,,,0,0,0,0.001,34.22
cell,9,optimizer_28,Optimizer,post,,,0,0,0,0.001,34.22
cell,9,optimizer_29,Optimizer,post,,,0,0,0,0.001,34.22
cell,9,optimizer_30,Optimizer,post,,,0,0,0,0.001,34.22
cell,9,optimizer_31,Optimizer,post,,,0,0,0,0.001,34.22
cell,9,optimizer_32,Optimizer,post,,,0,0,0,0.001,34.22
cell,9,optimizer_33,Optimizer,post,,,0,0,0,0.001,34.22
cell,9,optimizer_34,Optimizer,post,,,0,0,0,0.001,34.22
cell,9,optimizer_35,Optimizer,post,,,0,0,0,0.001,34.22
cell,9,optimizer_36,Optimizer,post,,,0,0,0,0.001,34.22
cell,9,optimizer_37,Optimizer,post,,,0,0,0,0.001,34.22
cell,9,optimizer_38,Optimizer,post,,,0,0,0,0.001,34.22
cell,9,optimizer_39,Optimizer,post,,,0,0,0,0.001,34.22
cell,9,optimizer_40,Optimizer,post,,,0,0,0,0.001,34.22
cell,9,optimizer_41,Optimizer,post,,,0,0,0,0.001,34.22
cell,9,optimizer_42,Optimizer,post,,,0,0,0,0.001,34.22
cell,9,optimizer_43,Optimizer,post,,,0,0,0,0.001,34.22
cell,9,optimizer_44,Optimizer,post,,,0,0,0,0.001,34.22
cell,9,optimizer_45,Optimizer,post,,,0,0,0,0.001,34.22
cell,9,optimizer_46,Optimizer,post,,,0,0,0,0.001,34.22
cell,9,optimizer_47,Optimizer,post,,,0,0,0,0.001,34.22
cell,9,optimizer_48,Optimizer,post,,,0,0,0,0.001,34.22
cell,9,optimizer_49,Optimizer,post,,,0,0,0,0.001,34.22
cell,9,optimizer_50,Optimizer,post,,,0,0,0,0.001,34.22
cell,9,optimizer_51,Optimizer,post,,,0,0,0,0.001,34.22
cell,9,optimizer_52,Optimizer,post,,,0,0,0,0.001,34.22
cell,9,optimizer_53,Optimizer,post,,,0,0,0,0.002,34.22
cell,9,optimizer_54,Optimizer,post,,,0,0,0,0.002,34.22
cell,9,optimizer_55,Optimizer,post,,,0,0,0,0.002,34.22
cell,9,optimizer_56,Optimizer,post,,,0,0,0,0.001,34.22
cell,9,optimizer_57,Optimizer,post,,,0,0,0,0.001,34.22
cell,9,optimizer_58,Optimizer,post,,,0,0,0,0.001,34.22
cell,9,optimizer_59,Optimizer,post,,,0,0,0,0.001,34.22
cell,9,optimizer_60,Optimizer,post,,,0,0,0,0.002,34.22
cell,9,optimizer_61,Optimizer,post,,,0,0,0,0.002,34.22
cell,9,optimizer_62,Optimizer,post,,,0,0,0,0.001,34.22
cell,9,optimizer_63,Optimizer,post,,,0,0,0,0.001,34.22
cell,9,optimizer_64,Optimizer,post,,,0,0,0,0.001,34.22
cell,9,optimizer_65,Optimizer,post,,,0,0,0,0.001,34.22
cell,9,optimizer_66,Optimizer,post,,,0,0,0,0.001,34.22
cell,9,optimizer_67,Optimizer,post,,,0,0,0,0.001,34.22
cell,9,optimizer_68,Optimizer,post,,,0,0,0,0.001,34.22
cell,9,optimizer_69,Optimizer,post,,,0,0,0,0.001,34.22
cell,9,optimizer_70,Optimizer,post,,,0,0,0,0.001,34.22
cell,9,optimizer_71,Optimizer,post,,,0,0,0,0.001,34.22
cell,9,optimizer_72,Optimizer,post,,,0,0,0,0.001,34.22
cell,9,optimizer_73,Optimizer,post,,,0,0,0,0.001,34.22
cell,9,optimizer_74,Optimizer,post,,,0,0,0,0.001,34.22
cell,9,optimizer_75,Optimizer,post,,,0,0,0,0.001,34.22
cell,9,optimizer_76,Optimizer,post,,,0,0,0,0.001,34.22
cell,9,optimizer_77,Optimizer,post,,,0,0,0,0.001,34.22
cell,9,optimizer_78,Optimizer,post,,,0,0,0,0.001,34.22
cell,9,optimizer_79,Optimizer,post,,,0,0,0,0.001,34.22
cell,9,optimizer_80,Optimizer,post,,,0,0,0,0.001,34.22
cell,9,optimizer_81,Optimizer,post,,,0,0,0,0.001,34.22
cell,9,optimizer_82,Optimizer,post,,,0,0,0,0.001,34.22
cell,9,optimizer_83,Optimizer,post,,,0,0,0,0.001,34.22
cell,9,optimizer_84,Optimizer,post,,,0,0,0,0.001,34.22
cell,9,optimizer_85,Optimizer,post,,,0,0,0,0.001,34.22
cell,9,optimizer_86,Optimizer,post,,,0,0,0,0.001,34.22
cell,9,optimizer_87,Optimizer,post,,,0,0,0,0.001,34.22
cell,9,optimizer_88,Optimizer,post,,,0,0,0,0.001,34.22
cell,9,optimizer_89,Optimizer,post,,,0,0,0,0.001,34.22
cell,9,optimizer_90,Optimizer,post,,,0,0,0,0.001,34.22
cell,9,optimizer_91,Optimizer,post,,,0,0,0,0.001,34.22
cell,9,optimizer_92,Optimizer,post,,,0,0,0,0.001,34.22
cell,9,optimizer_93,Optimizer,post,,,0,0,0,0.001,34.22
cell,9,optimizer_94,Optimizer,post,,,0,0,0,0.001,34.22
cell,9,optimizer_95,Optimizer,post,,,0,0,0,0.001,34.22
cell,9,optimizer_96,Optimizer,post,,,0,0,0,0.001,34.22
cell,9,optimizer_97,Optimizer,post,,,0,0,0,0.001,34.22
cell,9,optimizer_98,Optimizer,post,,,0,0,0,0.001,34.22
cell,9,optimizer_99,Optimizer,post,,,0,0,0,0.001,34.22
cell,10,optimizer_0,Optimizer,post,,,0,0,0,0.002,34.22
cell,10,optimizer_1,Optimizer,post,,,0,0,0,0.002,34.22
cell,10,optimizer_2,Optimizer,post,,,0,0,0,0.002,34.22
cell,10,optimizer_3,Optimizer,post,,,0,0,0,0.003,34.22
cell,10,optimizer_4,Optimizer,post,,,0,0,0,0.002,34.22
cell,10,optimizer_5,Optimizer,post,,,0,0,0,0.002,34.22
cell,10,optimizer_6,Optimizer,post,,,0,0,0,0.002,34.22
cell,10,optimizer_7,Optimizer,post,,,0,0,0,0.002,34.22
cell,10,optimizer_8,Optimizer,post,,,0,0,0,0.002,34.22
cell,10,optimizer_9,Optimizer,post,,,0,0,0,0.002,34.22
cell,10,optimizer_10,Optimizer,post,,,0,0,0,0.002,34.22
cell,10,optimizer_11,Optimizer,post,,,0,0,0,0.002,34.22
cell,10,optimizer_12,Optimizer,post,,,0,0,0,0.002,34.22
cell,10,optimizer_13,Optimizer,post,,,0,0,0,0.002,34.22
cell,10,optimizer_14,Optimizer,post,,,0,0,0,0.002,34.22
cell,10,optimizer_15,Optimizer,post,,,0,0,0,0.002,34.22
cell,10,optimizer_16,Optimizer,post,,,0,0,0,0.002,34.22
cell,10,optimizer_17,Optimizer,post,,,0,0,0,0.002,34.22
cell,10,optimizer_18,Optimizer,post,,,0,0,0,0.002,34.22
cell,10,optimizer_19,Optimizer,post,,,0,0,0,0.002,34.22
cell,10,optimizer_20,Optimizer,post,,,0,0,0,0.002,34.22
cell,10,optimizer_21,Optimizer,post,,,0,0,0,0.002,34.22
cell,10,optimizer_22,Optimizer,post,,,0,0,0,0.002,34.22
cell,10,optimizer_23,Optimizer,post,,,0,0,0,0.002,34.22
cell,10,optimizer_24,Optimizer,post,,,0,0,0,0.002,34.22
cell,10,optimizer_25,Optimizer,post,,,0,0,0,0.002,34.22
cell,10,optimizer_26,Optimizer,post,,,0,0,0,0.002,34.22
cell,10,optimizer_27,Optimizer,post,,,0,0,0,0.002,34.22
cell,10,optimizer_28,Optimizer,post,,,0,0,0,0.002,34.22
cell,10,optimizer_29,Optimizer,post,,,0,0,0,0.002,34.22
cell,10,optimizer_30,Optimizer,post,,,0,0,0,0.002,34.22
cell,10,optimizer_31,Optimizer,post,,,0,0,0,0.002,34.22
cell,10,optimizer_32,Optimizer,post,,,0,0,0,0.002,34.22
cell,10,optimizer_33,Optimizer,post,,,0,0,0,0.002,34.22
cell,10,optimizer_34,Optimizer,post,,,0,0,0,0.002,34.22
cell,10,optimizer_35,Optimizer,post,,,0,0,0,0.003,34.22
cell,10,optimizer_36,Optimizer,post,,,0,0,0,0.002,34.22
cell,10,optimizer_37,Optimizer,post,,,0,0,0,0.002,34.22
cell,10,optimizer_38,Optimizer,post,,,0,0,0,0.002,34.22
cell,10,optimizer_39,Optimizer,post,,,0,0,0,0.002,34.22
cell,10,optimizer_40,Optimizer,post,,,0,0,0,0.002,34.22
cell,10,optimizer_41,Optimizer,post,,,0,0,0,0.002,34.22
cell,10,optimizer_42,Optimizer,post,,,0,0,0,0.002,34.22
cell,10,optimizer_43,Optimizer,post,,,0,0,0,0.003,34.22
cell,10,optimizer_44,Optimizer,post,,,0,0,0,0.002,34.22
cell,10,optimizer_45,Optimizer,post,,,0,0,0,0.003,34.22
cell,10,optimizer_46,Optimizer,post,,,0,0,0,0.003,34.22
cell,10,optimizer_47,Optimizer,post,,,0,0,0,0.002,34.22
cell,10,optimizer_48,Optimizer,post,,,0,0,0,0.002,34.22
cell,10,optimizer_49,Optimizer,post,,,0,0,0,0.002,34.22
cell,10,optimizer_50,Optimizer,post,,,0,0,0,0.002,34.22
cell,10,optimizer_51,Optimizer,post,,,0,0,0,0.002,34.22
cell,10,optimizer_52,Optimizer,post,,,0,0,0,0.002,34.22
cell,10,optimizer_53,Optimizer,post,,,0,0,0,0.002,34.22
cell,10,optimizer_54,Optimizer,post,,,0,0,0,0.002,34.22
cell,10,optimizer_55,Optimizer,post,,,0,0,0,0.002,34.22
cell,10,optimizer_56,Optimizer,post,,,0,0,0,0.002,34.22
cell,10,optimizer_57,Optimizer,post,,,0,0,0,0.002,34.22
cell,10,optimizer_58,Optimizer,post,,,0,0,0,0.002,34.22
cell,10,optimizer_59,Optimizer,post,,,0,0,0,0.002,34.22
cell,10,optimizer_60,Optimizer,post,,,0,0,0,0.002,34.22
cell,10,optimizer_61,Optimizer,post,,,0,0,0,0.002,34.22
cell,10,optimizer_62,Optimizer,post,,,0,0,0,0.002,34.22
cell,10,optimizer_63,Optimizer,post,,,0,0,0,0.002,34.22
cell,10,optimizer_64,Optimizer,post,,,0,0,0,0.002,34.22
cell,10,optimizer_65,Optimizer,post,,,0,0,0,0.002,34.22
cell,10,optimizer_66,Optimizer,post,,,0,0,0,0.002,34.22
cell,10,optimizer_67,Optimizer,post,,,0,0,0,0.002,34.22
cell,10,optimizer_68,Optimizer,post,,,0,0,0,0.003,34.22
cell,10,optimizer_69,Optimizer,post,,,0,0,0,0.002,34.22
cell,10,optimizer_70,Optimizer,post,,,0,0,0,0.002,34.22
cell,10,optimizer_71,Optimizer,post,,,0,0,0,0.002,34.22
cell,10,optimizer_72,Optimizer,post,,,0,0,0,0.002,34.22
cell,10,optimizer_73,Optimizer,post,,,0,0,0,0.002,34.22
cell,10,optimizer_74,Optimizer,post,,,0,0,0,0.002,34.22
cell,10,optimizer_75,Optimizer,post,,,0,0,0,0.002,34.22
cell,10,optimizer_76,Optimizer,post,,,0,0,0,0.002,34.22
cell,10,optimizer_77,Optimizer,post,,,0,0,0,0.002,34.22
cell,10,optimizer_78,Optimizer,post,,,0,0,0,0.002,34.22
cell,10,optimizer_79,Optimizer,post,,,0,0,0,0.002,34.22
cell,10,optimizer_80,Optimizer,post,,,0,0,0,0.003,34.22
cell,10,optimizer_81,Optimizer,post,,,0,0,0,0.002,34.22
cell,10,optimizer_82,Optimizer,post,,,0,0,0,0.002,34.22
cell,10,optimizer_83,Optimizer,post,,,0,0,0,0.003,34.22
cell,10,optimizer_84,Optimizer,post,,,0,0,0,0.002,34.22
cell,10,optimizer_85,Optimizer,post,,,0,0,0,0.002,34.22
cell,10,optimizer_86,Optimizer,post,,,0,0,0,0.002,34.22
cell,10,optimizer_87,Optimizer,post,,,0,0,0,0.002,34.22
cell,10,optimizer_88,Optimizer,post,,,0,0,0,0.002,34.22
cell,10,optimizer_89,Optimizer,post,,,0,0,0,0.011,34.22
cell,10,optimizer_90,Optimizer,post,,,0,0,0,0.003,34.22
cell,10,optimizer_91,Optimizer,post,,,0,0,0,0.002,34.22
cell,10,optimizer_92,Optimizer,post,,,0,0,0,0.002,34.22
cell,10,optimizer_93,Optimizer,post,,,0,0,0,0.002,34.22
cell,10,optimizer_94,Optimizer,post,,,0,0,0,0.002,34.22
cell,10,optimizer_95,Optimizer,post,,,0,0,0,0.002,34.22
cell,10,optimizer_96,Optimizer,post,,,0,0,0,0.002,34.22
cell,10,optimizer_97,Optimizer,post,,,0,0,0,0.003,34.22
cell,10,optimizer_98,Optimizer,post,,,0,0,0,0.003,34.22
cell,10,optimizer_99,Optimizer,post,,,0,0,0,0.003,34.22
cell,11,optimizer_0,Optimizer,post,,,0,0,0,0.001,34.22
cell,11,optimizer_1,Optimizer,post,,,0,0,0,0.001,34.22
cell,11,optimizer_2,Optimizer,post,,,0,0,0,0.001,34.22
cell,11,optimizer_3,Optimizer,post,,,0,0,0,0.001,34.22
cell,11,optimizer_4,Optimizer,post,,,0,0,0,0.001,34.22
cell,11,optimizer_5,Optimizer,post,,,0,0,0,0.001,34.22
cell,11,optimizer_6,Optimizer,post,,,0,0,0,0.001,34.22
cell,11,optimizer_7,Optimizer,post,,,0,0,0,0.001,34.22
cell,11,optimizer_8,Optimizer,post,,,0,0,0,0.001,34.22
cell,11,optimizer_9,Optimizer,post,,,0,0,0,0.001,34.22
cell,11,optimizer_10,Optimizer,post,,,0,0,0,0.001,34.22
cell,11,optimizer_11,Optimizer,post,,,0,0,0,0.001,34.22
cell,11,optimizer_12,Optimizer,post,,,0,0,0,0.001,34.22
cell,11,optimizer_13,Optimizer,post,,,0,0,0,0.001,34.22
cell,11,optimizer_14,Optimizer,post,,,0,0,0,0.001,34.22
cell,11,optimizer_15,Optimizer,post,,,0,0,0,0.001,34.22
cell,11,optimizer_16,Optimizer,post,,,0,0,0,0.001,34.22
cell,11,optimizer_17,Optimizer,post,,,0,0,0,0.001,34.22
cell,11,optimizer_18,Optimizer,post,,,0,0,0,0.001,34.22
cell,11,optimizer_19,Optimizer,post,,,0,0,0,0.001,34.22
cell,11,optimizer_20,Optimizer,post,,,0,0,0,0.001,34.22
cell,11,optimizer_21,Optimizer,post,,,0,0,0,0.001,34.22
cell,11,optimizer_22,Optimizer,post,,,0,0,0,0.001,34.22
cell,11,optimizer_23,Optimizer,post,,,0,0,0,0.001,34.22
cell,11,optimizer_24,Optimizer,post,,,0,0,0,0.001,34.22
cell,11,optimizer_25,Optimizer,post,,,0,0,0,0.001,34.22
cell,11,optimizer_26,Optimizer,post,,,0,0,0,0.001,34.22
cell,11,optimizer_27,Optimizer,post,,,0,0,0,0.001,34.22
cell,11,optimizer_28,Optimizer,post,,,0,0,0,0.001,34.22
cell,11,optimizer_29,Optimizer,post,,,0,0,0,0.001,34.22
cell,11,optimizer_30,Optimizer,post,,,0,0,0,0.001,34.22
cell,11,optimizer_31,Optimizer,post,,,0,0,0,0.001,34.22
cell,11,optimizer_32,Optimizer,post,,,0,0,0,0.001,34.22
cell,11,optimizer_33,Optimizer,post,,,0,0,0,0.001,34.22
cell,11,optimizer_34,Optimizer,post,,,0,0,0,0.001,34.22
cell,11,optimizer_35,Optimizer,post,,,0,0,0,0.001,34.22
cell,11,optimizer_36,Optimizer,post,,,0,0,0,0.001,34.22
cell,11,optimizer_37,Optimizer,post,,,0,0,0,0.001,34.22
cell,11,optimizer_38,Optimizer,post,,,0,0,0,0.001,34.22
cell,11,optimizer_39,Optimizer,post,,,0,0,0,0.001,34.22
cell,11,optimizer_40,Optimizer,post,,,0,0,0,0.001,34.22
cell,11,optimizer_41,Optimizer,post,,,0,0,0,0.001,34.22
cell,11,optimizer_42,Optimizer,post,,,0,0,0,0.001,34.22
cell,11,optimizer_43,Optimizer,post,,,0,0,0,0.001,34.22
cell,11,optimizer_44,Optimizer,post,,,0,0,0,0.001,34.22
cell,11,optimizer_45,Optimizer,post,,,0,0,0,0.001,34.22
cell,11,optimizer_46,Optimizer,post,,,0,0,0,0.001,34.22
cell,11,optimizer_47,Optimizer,post,,,0,0,0,0.001,34.22
cell,11,optimizer_48,Optimizer,post,,,0,0,0,0.001,34.22
cell,11,optimizer_49,Optimizer,post,,,0,0,0,0.001,34.22
cell,11,optimizer_50,Optimizer,post,,,0,0,0,0.001,34.22
cell,11,optimizer_51,Optimizer,post,,,0,0,0,0.001,34.22
cell,11,optimizer_52,Optimizer,post,,,0,0,0,0.001,34.22
cell,11,optimizer_53,Optimizer,post,,,0,0,0,0.001,34.22
cell,11,optimizer_54,Optimizer,post,,,0,0,0,0.001,34.22
cell,11,optimizer_55,Optimizer,post,,,0,0,0,0.001,34.22
cell,11,optimizer_56,Optimizer,post,,,0,0,0,0.001,34.22
cell,11,optimizer_57,Optimizer,post,,,0,0,0,0.001,34.22
cell,11,optimizer_58,Optimizer,post,,,0,0,0,0.001,34.22
cell,11,optimizer_59,Optimizer,post,,,0,0,0,0.001,34.22
cell,11,optimizer_60,Optimizer,post,,,0,0,0,0.001,34.22
cell,11,optimizer_61,Optimizer,post,,,0,0,0,0.001,34.22
cell,11,optimizer_62,Optimizer,post,,,0,0,0,0.001,34.22
cell,11,optimizer_63,Optimizer,post,,,0,0,0,0.001,34.22
cell,11,optimizer_64,Optimizer,post,,,0,0,0,0.001,34.22
cell,11,optimizer_65,Optimizer,post,,,0,0,0,0.001,34.22
cell,11,optimizer_66,Optimizer,post,,,0,0,0,0.001,34.22
cell,11,optimizer_67,Optimizer,post,,,0,0,0,0.001,34.22
cell,11,optimizer_68,Optimizer,post,,,0,0,0,0.001,34.22
cell,11,optimizer_69,Optimizer,post,,,0,0,0,0.001,34.22
cell,11,optimizer_70,Optimizer,post,,,0,0,0,0.001,34.22
cell,11,optimizer_71,Optimizer,post,,,0,0,0,0.001,34.22
cell,11,optimizer_72,Optimizer,post,,,0,0,0,0.001,34.22
cell,11,optimizer_73,Optimizer,post,,,0,0,0,0.001,34.22
cell,11,optimizer_74,Optimizer,post,,,0,0,0,0.001,34.22
cell,11,optimizer_75,Optimizer,post,,,0,0,0,0.001,34.22
cell,11,optimizer_76,Optimizer,post,,,0,0,0,0.001,34.22
cell,11,optimizer_77,Optimizer,post,,,0,0,0,0.001,34.22
cell,11,optimizer_78,Optimizer,post,,,0,0,0,0.001,34.22
cell,11,optimizer_79,Optimizer,post,,,0,0,0,0.001,34.22
cell,11,optimizer_80,Optimizer,post,,,0,0,0,0.001,34.22
cell,11,optimizer_81,Optimizer,post,,,0,0,0,0.001,34.22
cell,11,optimizer_82,Optimizer,post,,,0,0,0,0.001,34.22
cell,11,optimizer_83,Optimizer,post,,,0,0,0,0.001,34.22
cell,11,optimizer_84,Optimizer,post,,,0,0,0,0.001,34.22
cell,11,optimizer_85,Optimizer,post,,,0,0,0,0.001,34.22
cell,11,optimizer_86,Optimizer,post,,,0,0,0,0.001,34.22
cell,11,optimizer_87,Optimizer,post,,,0,0,0,0.001,34.22
cell,11,optimizer_88,Optimizer,post,,,0,0,0,0.001,34.22
cell,11,optimizer_89,Optimizer,post,,,0,0,0,0.001,34.22
cell,11,optimizer_90,Optimizer,post,,,0,0,0,0.001,34.22
cell,11,optimizer_91,Optimizer,post,,,0,0,0,0.001,34.22
cell,11,optimizer_92,Optimizer,post,,,0,0,0,0.001,34.22
cell,11,optimizer_93,Optimizer,post,,,0,0,0,0.001,34.22
cell,11,optimizer_94,Optimizer,post,,,0,0,0,0.001,34.22
cell,11,optimizer_95,Optimizer,post,,,0,0,0,0.001,34.22
cell,11,optimizer_96,Optimizer,post,,,0,0,0,0.001,34.22
cell,11,optimizer_97,Optimizer,post,,,0,0,0,0.001,34.22
cell,11,optimizer_98,Optimizer,post,,,0,0,0,0.001,34.22
cell,11,optimizer_99,Optimizer,post,,,0,0,0,0.001,34.22
cell,12,optimizer_0,Optimizer,post,,,0,0,0,0.001,34.22
cell,12,optimizer_1,Optimizer,post,,,0,0,0,0.001,34.22
cell,12,optimizer_2,Optimizer,post,,,0,0,0,0.001,34.22
cell,12,optimizer_3,Optimizer,post,,,0,0,0,0.001,34.22
cell,12,optimizer_4,Optimizer,post,,,0,0,0,0.001,34.22
cell,12,optimizer_5,Optimizer,post,,,0,0,0,0.001,34.22
cell,12,optimizer_6,Optimizer,post,,,0,0,0,0.001,34.22
cell,12,optimizer_7,Optimizer,post,,,0,0,0,0.001,34.22
cell,12,optimizer_8,Optimizer,post,,,0,0,0,0.001,34.22
cell,12,optimizer_9,Optimizer,post,,,0,0,0,0.001,34.22
cell,12,optimizer_10,Optimizer,post,,,0,0,0,0.001,34.22
cell,12,optimizer_11,Optimizer,post,,,0,0,0,0.001,34.22
cell,12,optimizer_12,Optimizer,post,,,0,0,0,0.001,34.22
cell,12,optimizer_13,Optimizer,post,,,0,0,0,0.001,34.22
cell,12,optimizer_14,Optimizer,post,,,0,0,0,0.001,34.22
cell,12,optimizer_15,Optimizer,post,,,0,0,0,0.001,34.22
cell,12,optimizer_16,Optimizer,post,,,0,0,0,0.001,34.22
cell,12,optimizer_17,Optimizer,post,,,0,0,0,0.001,34.22
cell,12,optimizer_18,Optimizer,post,,,0,0,0,0.001,34.22
cell,12,optimizer_19,Optimizer,post,,,0,0,0,0.001,34.22
cell,12,optimizer_20,Optimizer,post,,,0,0,0,0.001,34.22
cell,12,optimizer_21,Optimizer,post,,,0,0,0,0.001,34.22
cell,12,optimizer_22,Optimizer,post,,,0,0,0,0.001,34.22
cell,12,optimizer_23,Optimizer,post,,,0,0,0,0.001,34.22
cell,12,optimizer_24,Optimizer,post,,,0,0,0,0.001,34.22
cell,12,optimizer_25,Optimizer,post,,,0,0,0,0.001,34.22
cell,12,optimizer_26,Optimizer,post,,,0,0,0,0.001,34.22
cell,12,optimizer_27,Optimizer,post,,,0,0,0,0.001,34.22
cell,12,optimizer_28,Optimizer,post,,,0,0,0,0.001,34.22
cell,12,optimizer_29,Optimizer,post,,,0,0,0,0.001,34.22
cell,12,optimizer_30,Optimizer,post,,,0,0,0,0.001,34.22
cell,12,optimizer_31,Optimizer,post,,,0,0,0,0.001,34.22
cell,12,optimizer_32,Optimizer,post,,,0,0,0,0.001,34.22
cell,12,optimizer_33,Optimizer,post,,,0,0,0,0.001,34.22
cell,12,optimizer_34,Optimizer,post,,,0,0,0,0.001,34.22
cell,12,optimizer_35,Optimizer,post,,,0,0,0,0.001,34.22
cell,12,optimizer_36,Optimizer,post,,,0,0,0,0.001,34.22
cell,12,optimizer_37,Optimizer,post,,,0,0,0,0.001,34.22
cell,12,optimizer_38,Optimizer,post,,,0,0,0,0.001,34.22
cell,12,optimizer_39,Optimizer,post,,,0,0,0,0.001,34.22
cell,12,optimizer_40,Optimizer,post,,,0,0,0,0.001,34.22
cell,12,optimizer_41,Optimizer,post,,,0,0,0,0.001,34.22
cell,12,optimizer_42,Optimizer,post,,,0,0,0,0.001,34.22
cell,12,optimizer_43,Optimizer,post,,,0,0,0,0.001,34.22
cell,12,optimizer_44,Optimizer,post,,,0,0,0,0.001,34.22
cell,12,optimizer_45,Optimizer,post,,,0,0,0,0.001,34.22
cell,12,optimizer_46,Optimizer,post,,,0,0,0,0.001,34.22
cell,12,optimizer_47,Optimizer,post,,,0,0,0,0.001,34.22
cell,12,optimizer_48,Optimizer,post,,,0,0,0,0.001,34.22
cell,12,optimizer_49,Optimizer,post,,,0,0,0,0.001,34.22
cell,12,optimizer_50,Optimizer,post,,,0,0,0,0.001,34.22
cell,12,optimizer_51,Optimizer,post,,,0,0,0,0.001,34.22
cell,12,optimizer_52,Optimizer,post,,,0,0,0,0.001,34.22
cell,12,optimizer_53,Optimizer,post,,,0,0,0,0.001,34.22
cell,12,optimizer_54,Optimizer,post,,,0,0,0,0.001,34.22
cell,12,optimizer_55,Optimizer,post,,,0,0,0,0.001,34.22
cell,12,optimizer_56,Optimizer,post,,,0,0,0,0.001,34.22
cell,12,optimizer_57,Optimizer,post,,,0,0,0,0.001,34.22
cell,12,optimizer_58,Optimizer,post,,,0,0,0,0.001,34.22
cell,12,optimizer_59,Optimizer,post,,,0,0,0,0.001,34.22
cell,12,optimizer_60,Optimizer,post,,,0,0,0,0.001,34.22
cell,12,optimizer_61,Optimizer,post,,,0,0,0,0.001,34.22
cell,12,optimizer_62,Optimizer,post,,,0,0,0,0.001,34.22
cell,12,optimizer_63,Optimizer,post,,,0,0,0,0.001,34.22
cell,12,optimizer_64,Optimizer,post,,,0,0,0,0.001,34.22
cell,12,optimizer_65,Optimizer,post,,,0,0,0,0.001,34.22
cell,12,optimizer_66,Optimizer,post,,,0,0,0,0.001,34.22
cell,12,optimizer_67,Optimizer,post,,,0,0,0,0.001,34.22
cell,12,optimizer_68,Optimizer,post,,,0,0,0,0.001,34.22
cell,12,optimizer_69,Optimizer,post,,,0,0,0,0.001,34.22
cell,12,optimizer_70,Optimizer,post,,,0,0,0,0.001,34.22
cell,12,optimizer_71,Optimizer,post,,,0,0,0,0.001,34.22
cell,12,optimizer_72,Optimizer,post,,,0,0,0,0.001,34.22
cell,12,optimizer_73,Optimizer,post,,,0,0,0,0.001,34.22
cell,12,optimizer_74,Optimizer,post,,,0,0,0,0.001,34.22
cell,12,optimizer_75,Optimizer,post,,,0,0,0,0.001,34.22
cell,12,optimizer_76,Optimizer,post,,,0,0,0,0.001,34.22
cell,12,optimizer_77,Optimizer,post,,,0,0,0,0.001,34.22
cell,12,optimizer_78,Optimizer,post,,,0,0,0,0.001,34.22
cell,12,optimizer_79,Optimizer,post,,,0,0,0,0.001,34.22
cell,12,optimizer_80,Optimizer,post,,,0,0,0,0.001,34.22
cell,12,optimizer_81,Optimizer,post,,,0,0,0,0.001,34.22
cell,12,optimizer_82,Optimizer,post,,,0,0,0,0.001,34.22
cell,12,optimizer_83,Optimizer,post,,,0,0,0,0.001,34.22
cell,12,optimizer_84,Optimizer,post,,,0,0,0,0.001,34.22
cell,12,optimizer_85,Optimizer,post,,,0,0,0,0.001,34.22
cell,12,optimizer_86,Optimizer,post,,,0,0,0,0.001,34.22
cell,12,optimizer_87,Optimizer,post,,,0,0,0,0.001,34.22
cell,12,optimizer_88,Optimizer,post,,,0,0,0,0.001,34.22
cell,12,optimizer_89,Optimizer,post,,,0,0,0,0.001,34.22
cell,12,optimizer_90,Optimizer,post,,,0,0,0,0.001,34.22
cell,12,optimizer_91,Optimizer,post,,,0,0,0,0.001,34.22
cell,12,optimizer_92,Optimizer,post,,,0,0,0,0.001,34.22
cell,12,optimizer_93,Optimizer,post,,,0,0,0,0.001,34.22
cell,12,optimizer_94,Optimizer,post,,,0,0,0,0.001,34.22
cell,12,optimizer_95,Optimizer,post,,,0,0,0,0.001,34.22
cell,12,optimizer_96,Optimizer,post,,,0,0,0,0.001,34.22
cell,12,optimizer_97,Optimizer,post,,,0,0,0,0.001,34.22
cell,12,optimizer_98,Optimizer,post,,,0,0,0,0.001,34.22
cell,12,optimizer_99,Optimizer,post,,,0,0,0,0.001,34.22
cell,13,optimizer_0,Optimizer,post,,,0,0,0,0.001,34.22
cell,13,optimizer_1,Optimizer,post,,,0,0,0,0.001,34.22
cell,13,optimizer_2,Optimizer,post,,,0,0,0,0.001,34.22
cell,13,optimizer_3,Optimizer,post,,,0,0,0,0.001,34.22
cell,13,optimizer_4,Optimizer,post,,,0,0,0,0.001,34.22
cell,13,optimizer_5,Optimizer,post,,,0,0,0,0.001,34.22
cell,13,optimizer_6,Optimizer,post,,,0,0,0,0.001,34.22
cell,13,optimizer_7,Optimizer,post,,,0,0,0,0.001,34.22
cell,13,optimizer_8,Optimizer,post,,,0,0,0,0.002,34.22
cell,13,optimizer_9,Optimizer,post,,,0,0,0,0.001,34.22
cell,13,optimizer_10,Optimizer,post,,,0,0,0,0.001,34.22
cell,13,optimizer_11,Optimizer,post,,,0,0,0,0.001,34.22
cell,13,optimizer_12,Optimizer,post,,,0,0,0,0.001,34.22
cell,13,optimizer_13,Optimizer,post,,,0,0,0,0.001,34.22
cell,13,optimizer_14,Optimizer,post,,,0,0,0,0.001,34.22
cell,13,optimizer_15,Optimizer,post,,,0,0,0,0.001,34.22
cell,13,optimizer_16,Optimizer,post,,,0,0,0,0.001,34.22
cell,13,optimizer_17,Optimizer,post,,,0,0,0,0.001,34.22
cell,13,optimizer_18,Optimizer,post,,,0,0,0,0.001,34.22
cell,13,optimizer_19,Optimizer,post,,,0,0,0,0.001,34.22
cell,13,optimizer_20,Optimizer,post,,,0,0,0,0.001,34.22
cell,13,optimizer_21,Optimizer,post,,,0,0,0,0.001,34.22
cell,13,optimizer_22,Optimizer,post,,,0,0,0,0.001,34.22
cell,13,optimizer_23,Optimizer,post,,,0,0,0,0.001,34.22
cell,13,optimizer_24,Optimizer,post,,,0,0,0,0.001,34.22
cell,13,optimizer_25,Optimizer,post,,,0,0,0,0.001,34.22
cell,13,optimizer_26,Optimizer,post,,,0,0,0,0.001,34.22
cell,13,optimizer_27,Optimizer,post,,,0,0,0,0.001,34.22
cell,13,optimizer_28,Optimizer,post,,,0,0,0,0.001,34.22
cell,13,optimizer_29,Optimizer,post,,,0,0,0,0.001,34.22
cell,13,optimizer_30,Optimizer,post,,,0,0,0,0.001,34.22
cell,13,optimizer_31,Optimizer,post,,,0,0,0,0.001,34.22
cell,13,optimizer_32,Optimizer,post,,,0,0,0,0.001,34.22
cell,13,optimizer_33,Optimizer,post,,,0,0,0,0.001,34.22
cell,13,optimizer_34,Optimizer,post,,,0,0,0,0.001,34.22
cell,13,optimizer_35,Optimizer,post,,,0,0,0,0.001,34.22
cell,13,optimizer_36,Optimizer,post,,,0,0,0,0.001,34.22
cell,13,optimizer_37,Optimizer,post,,,0,0,0,0.001,34.22
cell,13,optimizer_38,Optimizer,post,,,0,0,0,0.001,34.22
cell,13,optimizer_39,Optimizer,post,,,0,0,0,0.001,34.22
cell,13,optimizer_40,Optimizer,post,,,0,0,0,0.001,34.22
cell,13,optimizer_41,Optimizer,post,,,0,0,0,0.001,34.22
cell,13,optimizer_42,Optimizer,post,,,0,0,0,0.001,34.22
cell,13,optimizer_43,Optimizer,post,,,0,0,0,0.001,34.22
cell,13,optimizer_44,Optimizer,post,,,0,0,0,0.001,34.22
cell,13,optimizer_45,Optimizer,post,,,0,0,0,0.001,34.22
cell,13,optimizer_46,Optimizer,post,,,0,0,0,0.001,34.22
cell,13,optimizer_47,Optimizer,post,,,0,0,0,0.001,34.22
cell,13,optimizer_48,Optimizer,post,,,0,0,0,0.001,34.22
cell,13,optimizer_49,Optimizer,post,,,0,0,0,0.001,34.22
cell,13,optimizer_50,Optimizer,post,,,0,0,0,0.001,34.22
cell,13,optimizer_51,Optimizer,post,,,0,0,0,0.001,34.22
cell,13,optimizer_52,Optimizer,post,,,0,0,0,0.001,34.22
cell,13,optimizer_53,Optimizer,post,,,0,0,0,0.001,34.22
cell,13,optimizer_54,Optimizer,post,,,0,0,0,0.001,34.22
cell,13,optimizer_55,Optimizer,post,,,0,0,0,0.001,34.22
cell,13,optimizer_56,Optimizer,post,,,0,0,0,0.001,34.22
cell,13,optimizer_57,Optimizer,post,,,0,0,0,0.001,34.22
cell,13,optimizer_58,Optimizer,post,,,0,0,0,0.001,34.22
cell,13,optimizer_59,Optimizer,post,,,0,0,0,0.001,34.22
cell,13,optimizer_60,Optimizer,post,,,0,0,0,0.001,34.22
cell,13,optimizer_61,Optimizer,post,,,0,0,0,0.001,34.22
cell,13,optimizer_62,Optimizer,post,,,0,0,0,0.001,34.22
cell,13,optimizer_63,Optimizer,post,,,0,0,0,0.001,34.22
cell,13,optimizer_64,Optimizer,post,,,0,0,0,0.001,34.22
cell,13,optimizer_65,Optimizer,post,,,0,0,0,0.001,34.22
cell,13,optimizer_66,Optimizer,post,,,0,0,0,0.001,34.22
cell,13,optimizer_67,Optimizer,post,,,0,0,0,0.001,34.22
cell,13,optimizer_68,Optimizer,post,,,0,0,0,0.001,34.22
cell,13,optimizer_69,Optimizer,post,,,0,0,0,0.001,34.22
cell,13,optimizer_70,Optimizer,post,,,0,0,0,0.001,34.22
cell,13,optimizer_71,Optimizer,post,,,0,0,0,0.001,34.22
cell,13,optimizer_72,Optimizer,post,,,0,0,0,0.001,34.22
cell,13,optimizer_73,Optimizer,post,,,0,0,0,0.001,34.22
cell,13,optimizer_74,Optimizer,post,,,0,0,0,0.001,34.22
cell,13,optimizer_75,Optimizer,post,,,0,0,0,0.001,34.22
cell,13,optimizer_76,Optimizer,post,,,0,0,0,0.001,34.22
cell,13,optimizer_77,Optimizer,post,,,0,0,0,0.001,34.22
cell,13,optimizer_78,Optimizer,post,,,0,0,0,0.001,34.22
cell,13,optimizer_79,Optimizer,post,,,0,0,0,0.001,34.22
cell,13,optimizer_80,Optimizer,post,,,0,0,0,0.001,34.22
cell,13,optimizer_81,Optimizer,post,,,0,0,0,0.001,34.22
cell,13,optimizer_82,Optimizer,post,,,0,0,0,0.001,34.22
cell,13,optimizer_83,Optimizer,post,,,0,0,0,0.001,34.22
cell,13,optimizer_84,Optimizer,post,,,0,0,0,0.001,34.22
cell,13,optimizer_85,Optimizer,post,,,0,0,0,0.001,34.22
cell,13,optimizer_86,Optimizer,post,,,0,0,0,0.001,34.22
cell,13,optimizer_87,Optimizer,post,,,0,0,0,0.002,34.22
cell,13,optimizer_88,Optimizer,post,,,0,0,0,0.001,34.22
cell,13,optimizer_89,Optimizer,post,,,0,0,0,0.001,34.22
cell,13,optimizer_90,Optimizer,post,,,0,0,0,0.001,34.22
cell,13,optimizer_91,Optimizer,post,,,0,0,0,0.001,34.22
cell,13,optimizer_92,Optimizer,post,,,0,0,0,0.001,34.22
cell,13,optimizer_93,Optimizer,post,,,0,0,0,0.001,34.22
cell,13,optimizer_94,Optimizer,post,,,0,0,0,0.001,34.22
cell,13,optimizer_95,Optimizer,post,,,0,0,0,0.001,34.22
cell,13,optimizer_96,Optimizer,post,,,0,0,0,0.001,34.22
cell,13,optimizer_97,Optimizer,post,,,0,0,0,0.001,34.22
cell,13,optimizer_98,Optimizer,post,,,0,0,0,0.001,34.22
cell,13,optimizer_99,Optimizer,post,,,0,0,0,0.001,34.22
cell,14,optimizer_0,Optimizer,post,,,0,0,0,0.001,34.22
cell,14,optimizer_1,Optimizer,post,,,0,0,0,0.001,34.22
cell,14,optimizer_2,Optimizer,post,,,0,0,0,0.001,34.22
cell,14,optimizer_3,Optimizer,post,,,0,0,0,0.001,34.22
cell,14,optimizer_4,Optimizer,post,,,0,0,0,0.001,34.22
cell,14,optimizer_5,Optimizer,post,,,0,0,0,0.001,34.22
cell,14,optimizer_6,Optimizer,post,,,0,0,0,0.001,34.22
cell,14,optimizer_7,Optimizer,post,,,0,0,0,0.001,34.22
cell,14,optimizer_8,Optimizer,post,,,0,0,0,0.001,34.22
cell,14,optimizer_9,Optimizer,post,,,0,0,0,0.001,34.22
cell,14,optimizer_10,Optimizer,post,,,0,0,0,0.001,34.22
cell,14,optimizer_11,Optimizer,post,,,0,0,0,0.001,34.22
cell,14,optimizer_12,Optimizer,post,,,0,0,0,0.001,34.22
cell,14,optimizer_13,Optimizer,post,,,0,0,0,0.001,34.22
cell,14,optimizer_14,Optimizer,post,,,0,0,0,0.001,34.22
cell,14,optimizer_15,Optimizer,post,,,0,0,0,0.001,34.22
cell,14,optimizer_16,Optimizer,post,,,0,0,0,0.001,34.22
cell,14,optimizer_17,Optimizer,post,,,0,0,0,0.001,34.22
cell,14,optimizer_18,Optimizer,post,,,0,0,0,0.001,34.22
cell,14,optimizer_19,Optimizer,post,,,0,0,0,0.001,34.22
cell,14,optimizer_20,Optimizer,post,,,0,0,0,0.001,34.22
cell,14,optimizer_21,Optimizer,post,,,0,0,0,0.001,34.22
cell,14,optimizer_22,Optimizer,post,,,0,0,0,0.001,34.22
cell,14,optimizer_23,Optimizer,post,,,0,0,0,0.001,34.22
cell,14,optimizer_24,Optimizer,post,,,0,0,0,0.001,34.22
cell,14,optimizer_25,Optimizer,post,,,0,0,0,0.001,34.22
cell,14,optimizer_26,Optimizer,post,,,0,0,0,0.001,34.22
cell,14,optimizer_27,Optimizer,post,,,0,0,0,0.001,34.22
cell,14,optimizer_28,Optimizer,post,,,0,0,0,0.001,34.22
cell,14,optimizer_29,Optimizer,post,,,0,0,0,0.001,34.22
cell,14,optimizer_30,Optimizer,post,,,0,0,0,0.001,34.22
cell,14,optimizer_31,Optimizer,post,,,0,0,0,0.001,34.22
cell,14,optimizer_32,Optimizer,post,,,0,0,0,0.001,34.22
cell,14,optimizer_33,Optimizer,post,,,0,0,0,0.001,34.22
cell,14,optimizer_34,Optimizer,post,,,0,0,0,0.001,34.22
cell,14,optimizer_35,Optimizer,post,,,0,0,0,0.001,34.22
cell,14,optimizer_36,Optimizer,post,,,0,0,0,0.001,34.22
cell,14,optimizer_37,Optimizer,post,,,0,0,0,0.001,34.22
cell,14,optimizer_38,Optimizer,post,,,0,0,0,0.001,34.22
cell,14,optimizer_39,Optimizer,post,,,0,0,0,0.001,34.22
cell,14,optimizer_40,Optimizer,post,,,0,0,0,0.001,34.22
cell,14,optimizer_41,Optimizer,post,,,0,0,0,0.001,34.22
cell,14,optimizer_42,Optimizer,post,,,0,0,0,0.001,34.22
cell,14,optimizer_43,Optimizer,post,,,0,0,0,0.001,34.22
cell,14,optimizer_44,Optimizer,post,,,0,0,0,0.001,34.22
cell,14,optimizer_45,Optimizer,post,,,0,0,0,0.001,34.22
cell,14,optimizer_46,Optimizer,post,,,0,0,0,0.001,34.22
cell,14,optimizer_47,Optimizer,post,,,0,0,0,0.001,34.22
cell,14,optimizer_48,Optimizer,post,,,0,0,0,0.001,34.22
cell,14,optimizer_49,Optimizer,post,,,0,0,0,0.001,34.22
cell,14,optimizer_50,Optimizer,post,,,0,0,0,0.001,34.22
cell,14,optimizer_51,Optimizer,post,,,0,0,0,0.001,34.22
cell,14,optimizer_52,Optimizer,post,,,0,0,0,0.001,34.22
cell,14,optimizer_53,Optimizer,post,,,0,0,0,0.001,34.22
cell,14,optimizer_54,Optimizer,post,,,0,0,0,0.001,34.22
cell,14,optimizer_55,Optimizer,post,,,0,0,0,0.001,34.22
cell,14,optimizer_56,Optimizer,post,,,0,0,0,0.001,34.22
cell,14,optimizer_57,Optimizer,post,,,0,0,0,0.001,34.22
cell,14,optimizer_58,Optimizer,post,,,0,0,0,0.001,34.22
cell,14,optimizer_59,Optimizer,post,,,0,0,0,0.001,34.22
cell,14,optimizer_60,Optimizer,post,,,0,0,0,0.001,34.22
cell,14,optimizer_61,Optimizer,post,,,0,0,0,0.001,34.22
cell,14,optimizer_62,Optimizer,post,,,0,0,0,0.001,34.22
cell,14,optimizer_63,Optimizer,post,,,0,0,0,0.001,34.22
cell,14,optimizer_64,Optimizer,post,,,0,0,0,0.001,34.22
cell,14,optimizer_65,Optimizer,post,,,0,0,0,0.001,34.22
cell,14,optimizer_66,Optimizer,post,,,0,0,0,0.001,34.22
cell,14,optimizer_67,Optimizer,post,,,0,0,0,0.001,34.22
cell,14,optimizer_68,Optimizer,post,,,0,0,0,0.001,34.22
cell,14,optimizer_69,Optimizer,post,,,0,0,0,0.001,34.22
cell,14,optimizer_70,Optimizer,post,,,0,0,0,0.001,34.22
cell,14,optimizer_71,Optimizer,post,,,0,0,0,0.001,34.22
cell,14,optimizer_72,Optimizer,post,,,0,0,0,0.001,34.22
cell,14,optimizer_73,Optimizer,post,,,0,0,0,0.001,34.22
cell,14,optimizer_74,Optimizer,post,,,0,0,0,0.001,34.22
cell,14,optimizer_75,Optimizer,post,,,0,0,0,0.001,34.22
cell,14,optimizer_76,Optimizer,post,,,0,0,0,0.001,34.22
cell,14,optimizer_77,Optimizer,post,,,0,0,0,0.001,34.22
cell,14,optimizer_78,Optimizer,post,,,0,0,0,0.001,34.22
cell,14,optimizer_79,Optimizer,post,,,0,0,0,0.001,34.22
cell,14,optimizer_80,Optimizer,post,,,0,0,0,0.001,34.22
cell,14,optimizer_81,Optimizer,post,,,0,0,0,0.001,34.22
cell,14,optimizer_82,Optimizer,post,,,0,0,0,0.001,34.22
cell,14,optimizer_83,Optimizer,post,,,0,0,0,0.001,34.22
cell,14,optimizer_84,Optimizer,post,,,0,0,0,0.001,34.22
cell,14,optimizer_85,Optimizer,post,,,0,0,0,0.001,34.22
cell,14,optimizer_86,Optimizer,post,,,0,0,0,0.001,34.22
cell,14,optimizer_87,Optimizer,post,,,0,0,0,0.001,34.22
cell,14,optimizer_88,Optimizer,post,,,0,0,0,0.001,34.22
cell,14,optimizer_89,Optimizer,post,,,0,0,0,0.001,34.22
cell,14,optimizer_90,Optimizer,post,,,0,0,0,0.001,34.22
cell,14,optimizer_91,Optimizer,post,,,0,0,0,0.001,34.22
cell,14,optimizer_92,Optimizer,post,,,0,0,0,0.001,34.22
cell,14,optimizer_93,Optimizer,post,,,0,0,0,0.001,34.22
cell,14,optimizer_94,Optimizer,post,,,0,0,0,0.001,34.22
cell,14,optimizer_95,Optimizer,post,,,0,0,0,0.001,34.22
cell,14,optimizer_96,Optimizer,post,,,0,0,0,0.001,34.22
cell,14,optimizer_97,Optimizer,post,,,0,0,0,0.001,34.22
cell,14,optimizer_98,Optimizer,post,,,0,0,0,0.001,34.22
cell,14,optimizer_99,Optimizer,post,,,0,0,0,0.001,34.22
cell,15,optimizer_0,Optimizer,post,,,0,0,0,0.001,34.22
cell,15,optimizer_1,Optimizer,post,,,0,0,0,0.001,34.22
cell,15,optimizer_2,Optimizer,post,,,0,0,0,0.001,34.22
cell,15,optimizer_3,Optimizer,post,,,0,0,0,0.002,34.22
cell,15,optimizer_4,Optimizer,post,,,0,0,0,0.001,34.22
cell,15,optimizer_5,Optimizer,post,,,0,0,0,0.001,34.22
cell,15,optimizer_6,Optimizer,post,,,0,0,0,0.001,34.22
cell,15,optimizer_7,Optimizer,post,,,0,0,0,0.001,34.22
cell,15,optimizer_8,Optimizer,post,,,0,0,0,0.009,34.22
cell,15,optimizer_9,Optimizer,post,,,0,0,0,0.001,34.22
cell,15,optimizer_10,Optimizer,post,,,0,0,0,0.001,34.22
cell,15,optimizer_11,Optimizer,post,,,0,0,0,0.001,34.22
cell,15,optimizer_12,Optimizer,post,,,0,0,0,0.001,34.22
cell,15,optimizer_13,Optimizer,post,,,0,0,0,0.001,34.22
cell,15,optimizer_14,Optimizer,post,,,0,0,0,0.001,34.22
cell,15,optimizer_15,Optimizer,post,,,0,0,0,0.001,34.22
cell,15,optimizer_16,Optimizer,post,,,0,0,0,0.001,34.22
cell,15,optimizer_17,Optimizer,post,,,0,0,0,0.001,34.22
cell,15,optimizer_18,Optimizer,post,,,0,0,0,0.001,34.22
cell,15,optimizer_19,Optimizer,post,,,0,0,0,0.001,34.22
cell,15,optimizer_20,Optimizer,post,,,0,0,0,0.001,34.22
cell,15,optimizer_21,Optimizer,post,,,0,0,0,0.001,34.22
cell,15,optimizer_22,Optimizer,post,,,0,0,0,0.001,34.22
cell,15,optimizer_23,Optimizer,post,,,0,0,0,0.001,34.22
cell,15,optimizer_24,Optimizer,post,,,0,0,0,0.001,34.22
cell,15,optimizer_25,Optimizer,post,,,0,0,0,0.001,34.22
cell,15,optimizer_26,Optimizer,post,,,0,0,0,0.001,34.22
cell,15,optimizer_27,Optimizer,post,,,0,0,0,0.001,34.22
cell,15,optimizer_28,Optimizer,post,,,0,0,0,0.001,34.22
cell,15,optimizer_29,Optimizer,post,,,0,0,0,0.001,34.22
cell,15,optimizer_30,Optimizer,post,,,0,0,0,0.001,34.22
cell,15,optimizer_31,Optimizer,post,,,0,0,0,0.001,34.22
cell,15,optimizer_32,Optimizer,post,,,0,0,0,0.001,34.22
cell,15,optimizer_33,Optimizer,post,,,0,0,0,0.001,34.22
cell,15,optimizer_34,Optimizer,post,,,0,0,0,0.001,34.22
cell,15,optimizer_35,Optimizer,post,,,0,0,0,0.001,34.22
cell,15,optimizer_36,Optimizer,post,,,0,0,0,0.001,34.22
cell,15,optimizer_37,Optimizer,post,,,0,0,0,0.001,34.22
cell,15,optimizer_38,Optimizer,post,,,0,0,0,0.001,34.22
cell,15,optimizer_39,Optimizer,post,,,0,0,0,0.001,34.22
cell,15,optimizer_40,Optimizer,post,,,0,0,0,0.001,34.22
cell,15,optimizer_41,Optimizer,post,,,0,0,0,0.001,34.22
cell,15,optimizer_42,Optimizer,post,,,0,0,0,0.001,34.22
cell,15,optimizer_43,Optimizer,post,,,0,0,0,0.001,34.22
cell,15,optimizer_44,Optimizer,post,,,0,0,0,0.001,34.22
cell,15,optimizer_45,Optimizer,post,,,0,0,0,0.001,34.22
cell,15,optimizer_46,Optimizer,post,,,0,0,0,0.001,34.22
cell,15,optimizer_47,Optimizer,post,,,0,0,0,0.001,34.22
cell,15,optimizer_48,Optimizer,post,,,0,0,0,0.001,34.22
cell,15,optimizer_49,Optimizer,post,,,0,0,0,0.001,34.22
cell,15,optimizer_50,Optimizer,post,,,0,0,0,0.001,34.22
cell,15,optimizer_51,Optimizer,post,,,0,0,0,0.001,34.22
cell,15,optimizer_52,Optimizer,post,,,0,0,0,0.001,34.22
cell,15,optimizer_53,Optimizer,post,,,0,0,0,0.001,34.22
cell,15,optimizer_54,Optimizer,post,,,0,0,0,0.001,34.22
cell,15,optimizer_55,Optimizer,post,,,0,0,0,0.001,34.22
cell,15,optimizer_56,Optimizer,post,,,0,0,0,0.001,34.22
cell,15,optimizer_57,Optimizer,post,,,0,0,0,0.001,34.22
cell,15,optimizer_58,Optimizer,post,,,0,0,0,0.001,34.22
cell,15,optimizer_59,Optimizer,post,,,0,0,0,0.001,34.22
cell,15,optimizer_60,Optimizer,post,,,0,0,0,0.001,34.22
cell,15,optimizer_61,Optimizer,post,,,0,0,0,0.009,34.22
cell,15,optimizer_62,Optimizer,post,,,0,0,0,0.001,34.22
cell,15,optimizer_63,Optimizer,post,,,0,0,0,0.001,34.22
cell,15,optimizer_64,Optimizer,post,,,0,0,0,0.001,34.22
cell,15,optimizer_65,Optimizer,post,,,0,0,0,0.001,34.22
cell,15,optimizer_66,Optimizer,post,,,0,0,0,0.001,34.22
cell,15,optimizer_67,Optimizer,post,,,0,0,0,0.001,34.22
cell,15,optimizer_68,Optimizer,post,,,0,0,0,0.001,34.22
cell,15,optimizer_69,Optimizer,post,,,0,0,0,0.001,34.22
cell,15,optimizer_70,Optimizer,post,,,0,0,0,0.001,34.22
cell,15,optimizer_71,Optimizer,post,,,0,0,0,0.001,34.22
cell,15,optimizer_72,Optimizer,post,,,0,0,0,0.001,34.22
cell,15,optimizer_73,Optimizer,post,,,0,0,0,0.001,34.22
cell,15,optimizer_74,Optimizer,post,,,0,0,0,0.001,34.22
cell,15,optimizer_75,Optimizer,post,,,0,0,0,0.001,34.22
cell,15,optimizer_76,Optimizer,post,,,0,0,0,0.001,34.22
cell,15,optimizer_77,Optimizer,post,,,0,0,0,0.001,34.22
cell,15,optimizer_78,Optimizer,post,,,0,0,0,0.001,34.22
cell,15,optimizer_79,Optimizer,post,,,0,0,0,0.001,34.22
cell,15,optimizer_80,Optimizer,post,,,0,0,0,0.001,34.22
cell,15,optimizer_81,Optimizer,post,,,0,0,0,0.001,34.22
cell,15,optimizer_82,Optimizer,post,,,0,0,0,0.001,34.22
cell,15,optimizer_83,Optimizer,post,,,0,0,0,0.001,34.22
cell,15,optimizer_84,Optimizer,post,,,0,0,0,0.001,34.22
cell,15,optimizer_85,Optimizer,post,,,0,0,0,0.001,34.22
cell,15,optimizer_86,Optimizer,post,,,0,0,0,0.001,34.22
cell,15,optimizer_87,Optimizer,post,,,0,0,0,0.001,34.22
cell,15,optimizer_88,Optimizer,post,,,0,0,0,0.001,34.22
cell,15,optimizer_89,Optimizer,post,,,0,0,0,0.001,34.22
cell,15,optimizer_90,Optimizer,post,,,0,0,0,0.001,34.22
cell,15,optimizer_91,Optimizer,post,,,0,0,0,0.001,34.22
cell,15,optimizer_92,Optimizer,post,,,0,0,0,0.001,34.22
cell,15,optimizer_93,Optimizer,post,,,0,0,0,0.001,34.22
cell,15,optimizer_94,Optimizer,post,,,0,0,0,0.001,34.22
cell,15,optimizer_95,Optimizer,post,,,0,0,0,0.001,34.22
cell,15,optimizer_96,Optimizer,post,,,0,0,0,0.001,34.22
cell,15,optimizer_97,Optimizer,post,,,0,0,0,0.001,34.22
cell,15,optimizer_98,Optimizer,post,,,0,0,0,0.001,34.22
cell,15,optimizer_99,Optimizer,post,,,0,0,0,0.001,34.22
cell,16,optimizer_0,Optimizer,post,,,0,0,0,0.001,34.22
cell,16,optimizer_1,Optimizer,post,,,0,0,0,0.002,34.22
cell,16,optimizer_2,Optimizer,post,,,0,0,0,0.001,34.22
cell,16,optimizer_3,Optimizer,post,,,0,0,0,0.001,34.22
cell,16,optimizer_4,Optimizer,post,,,0,0,0,0.001,34.22
cell,16,optimizer_5,Optimizer,post,,,0,0,0,0.001,34.22
cell,16,optimizer_6,Optimizer,post,,,0,0,0,0.001,34.22
cell,16,optimizer_7,Optimizer,post,,,0,0,0,0.001,34.22
cell,16,optimizer_8,Optimizer,post,,,0,0,0,0.009,34.22
cell,16,optimizer_9,Optimizer,post,,,0,0,0,0.001,34.22
cell,16,optimizer_10,Optimizer,post,,,0,0,0,0.001,34.22
cell,16,optimizer_11,Optimizer,post,,,0,0,0,0.001,34.22
cell,16,optimizer_12,Optimizer,post,,,0,0,0,0.001,34.22
cell,16,optimizer_13,Optimizer,post,,,0,0,0,0.001,34.22
cell,16,optimizer_14,Optimizer,post,,,0,0,0,0.009,34.22
cell,16,optimizer_15,Optimizer,post,,,0,0,0,0.001,34.22
cell,16,optimizer_16,Optimizer,post,,,0,0,0,0.001,34.22
cell,16,optimizer_17,Optimizer,post,,,0,0,0,0.002,34.22
cell,16,optimizer_18,Optimizer,post,,,0,0,0,0.002,34.22
cell,16,optimizer_19,Optimizer,post,,,0,0,0,0.001,34.22
cell,16,optimizer_20,Optimizer,post,,,0,0,0,0.001,34.22
cell,16,optimizer_21,Optimizer,post,,,0,0,0,0.009,34.22
cell,16,optimizer_22,Optimizer,post,,,0,0,0,0.010,34.22
cell,16,optimizer_23,Optimizer,post,,,0,0,0,0.001,34.22
cell,16,optimizer_24,Optimizer,post,,,0,0,0,0.001,34.22
cell,16,optimizer_25,Optimizer,post,,,0,0,0,0.010,34.22
cell,16,optimizer_26,Optimizer,post,,,0,0,0,0.001,34.22
cell,16,optimizer_27,Optimizer,post,,,0,0,0,0.009,34.22
cell,16,optimizer_28,Optimizer,post,,,0,0,0,0.001,34.22
cell,16,optimizer_29,Optimizer,post,,,0,0,0,0.001,34.22
cell,16,optimizer_30,Optimizer,post,,,0,0,0,0.001,34.22
cell,16,optimizer_31,Optimizer,post,,,0,0,0,0.002,34.22
cell,16,optimizer_32,Optimizer,post,,,0,0,0,0.002,34.22
cell,16,optimizer_33,Optimizer,post,,,0,0,0,0.002,34.22
cell,16,optimizer_34,Optimizer,post,,,0,0,0,0.002,34.22
cell,16,optimizer_35,Optimizer,post,,,0,0,0,0.001,34.22
cell,16,optimizer_36,Optimizer,post,,,0,0,0,0.009,34.22
cell,16,optimizer_37,Optimizer,post,,,0,0,0,0.002,34.22
cell,16,optimizer_38,Optimizer,post,,,0,0,0,0.009,34.22
cell,16,optimizer_39,Optimizer,post,,,0,0,0,0.001,34.22
cell,16,optimizer_40,Optimizer,post,,,0,0,0,0.001,34.22
cell,16,optimizer_41,Optimizer,post,,,0,0,0,0.020,34.22
cell,16,optimizer_42,Optimizer,post,,,0,0,0,0.001,34.22
cell,16,optimizer_43,Optimizer,post,,,0,0,0,0.001,34.22
cell,16,optimizer_44,Optimizer,post,,,0,0,0,0.001,34.22
cell,16,optimizer_45,Optimizer,post,,,0,0,0,0.001,34.22
cell,16,optimizer_46,Optimizer,post,,,0,0,0,0.001,34.22
cell,16,optimizer_47,Optimizer,post,,,0,0,0,0.001,34.22
cell,16,optimizer_48,Optimizer,post,,,0,0,0,0.001,34.22
cell,16,optimizer_49,Optimizer,post,,,0,0,0,0.001,34.22
cell,16,optimizer_50,Optimizer,post,,,0,0,0,0.001,34.22
cell,16,optimizer_51,Optimizer,post,,,0,0,0,0.001,34.22
cell,16,optimizer_52,Optimizer,post,,,0,0,0,0.001,34.22
cell,16,optimizer_53,Optimizer,post,,,0,0,0,0.001,34.22
cell,16,optimizer_54,Optimizer,post,,,0,0,0,0.001,34.22
cell,16,optimizer_55,Optimizer,post,,,0,0,0,0.001,34.22
cell,16,optimizer_56,Optimizer,post,,,0,0,0,0.001,34.22
cell,16,optimizer_57,Optimizer,post,,,0,0,0,0.002,34.22
cell,16,optimizer_58,Optimizer,post,,,0,0,0,0.002,34.22
cell,16,optimizer_59,Optimizer,post,,,0,0,0,0.010,34.22
cell,16,optimizer_60,Optimizer,post,,,0,0,0,0.001,34.22
cell,16,optimizer_61,Optimizer,post,,,0,0,0,0.001,34.22
cell,16,optimizer_62,Optimizer,post,,,0,0,0,0.001,34.22
cell,16,optimizer_63,Optimizer,post,,,0,0,0,0.001,34.22
cell,16,optimizer_64,Optimizer,post,,,0,0,0,0.001,34.22
cell,16,optimizer_65,Optimizer,post,,,0,0,0,0.001,34.22
cell,16,optimizer_66,Optimizer,post,,,0,0,0,0.001,34.22
cell,16,optimizer_67,Optimizer,post,,,0,0,0,0.001,34.22
cell,16,optimizer_68,Optimizer,post,,,0,0,0,0.001,34.22
cell,16,optimizer_69,Optimizer,post,,,0,0,0,0.001,34.22
cell,16,optimizer_70,Optimizer,post,,,0,0,0,0.002,34.22
cell,16,optimizer_71,Optimizer,post,,,0,0,0,0.002,34.22
cell,16,optimizer_72,Optimizer,post,,,0,0,0,0.001,34.22
cell,16,optimizer_73,Optimizer,post,,,0,0,0,0.009,34.22
cell,16,optimizer_74,Optimizer,post,,,0,0,0,0.001,34.22
cell,16,optimizer_75,Optimizer,post,,,0,0,0,0.001,34.22
cell,16,optimizer_76,Optimizer,post,,,0,0,0,0.001,34.22
cell,16,optimizer_77,Optimizer,post,,,0,0,0,0.010,34.22
cell,16,optimizer_78,Optimizer,post,,,0,0,0,0.002,34.22
cell,16,optimizer_79,Optimizer,post,,,0,0,0,0.002,34.22
cell,16,optimizer_80,Optimizer,post,,,0,0,0,0.001,34.22
cell,16,optimizer_81,Optimizer,post,,,0,0,0,0.006,34.22
cell,16,optimizer_82,Optimizer,post,,,0,0,0,0.002,34.22
cell,16,optimizer_83,Optimizer,post,,,0,0,0,0.001,34.22
cell,16,optimizer_84,Optimizer,post,,,0,0,0,0.009,34.22
cell,16,optimizer_85,Optimizer,post,,,0,0,0,0.001,34.22
cell,16,optimizer_86,Optimizer,post,,,0,0,0,0.001,34.22
cell,16,optimizer_87,Optimizer,post,,,0,0,0,0.009,34.22
cell,16,optimizer_88,Optimizer,post,,,0,0,0,0.018,34.22
cell,16,optimizer_89,Optimizer,post,,,0,0,0,0.009,34.22
cell,16,optimizer_90,Optimizer,post,,,0,0,0,0.002,34.22
cell,16,optimizer_91,Optimizer,post,,,0,0,0,0.010,34.22
cell,16,optimizer_92,Optimizer,post,,,0,0,0,0.002,34.22
cell,16,optimizer_93,Optimizer,post,,,0,0,0,0.009,34.22
cell,16,optimizer_94,Optimizer,post,,,0,0,0,0.001,34.22
cell,16,optimizer_95,Optimizer,post,,,0,0,0,0.002,34.22
cell,16,optimizer_96,Optimizer,post,,,0,0,0,0.018,34.22
cell,16,optimizer_97,Optimizer,post,,,0,0,0,0.009,34.22
cell,16,optimizer_98,Optimizer,post,,,0,0,0,0.002,34.22
cell,16,optimizer_99,Optimizer,post,,,0,0,0,0.001,34.22
cell,17,optimizer_0,Optimizer,post,,,0,0,0,0.001,34.22
cell,17,optimizer_1,Optimizer,post,,,0,0,0,0.001,34.22
cell,17,optimizer_2,Optimizer,post,,,0,0,0,0.001,34.22
cell,17,optimizer_3,Optimizer,post,,,0,0,0,0.001,34.22
cell,17,optimizer_4,Optimizer,post,,,0,0,0,0.001,34.22
cell,17,optimizer_5,Optimizer,post,,,0,0,0,0.001,34.22
cell,17,optimizer_6,Optimizer,post,,,0,0,0,0.001,34.22
cell,17,optimizer_7,Optimizer,post,,,0,0,0,0.001,34.22
cell,17,optimizer_8,Optimizer,post,,,0,0,0,0.001,34.22
cell,17,optimizer_9,Optimizer,post,,,0,0,0,0.001,34.22
cell,17,optimizer_10,Optimizer,post,,,0,0,0,0.001,34.22
cell,17,optimizer_11,Optimizer,post,,,0,0,0,0.001,34.22
cell,17,optimizer_12,Optimizer,post,,,0,0,0,0.001,34.22
cell,17,optimizer_13,Optimizer,post,,,0,0,0,0.001,34.22
cell,17,optimizer_14,Optimizer,post,,,0,0,0,0.001,34.22
cell,17,optimizer_15,Optimizer,post,,,0,0,0,0.001,34.22
cell,17,optimizer_16,Optimizer,post,,,0,0,0,0.001,34.22
cell,17,optimizer_17,Optimizer,post,,,0,0,0,0.009,34.22
cell,17,optimizer_18,Optimizer,post,,,0,0,0,0.001,34.22
cell,17,optimizer_19,Optimizer,post,,,0,0,0,0.001,34.22
cell,17,optimizer_20,Optimizer,post,,,0,0,0,0.001,34.22
cell,17,optimizer_21,Optimizer,post,,,0,0,0,0.001,34.22
cell,17,optimizer_22,Optimizer,post,,,0,0,0,0.001,34.22
cell,17,optimizer_23,Optimizer,post,,,0,0,0,0.001,34.22
cell,17,optimizer_24,Optimizer,post,,,0,0,0,0.001,34.22
cell,17,optimizer_25,Optimizer,post,,,0,0,0,0.001,34.22
cell,17,optimizer_26,Optimizer,post,,,0,0,0,0.001,34.22
cell,17,optimizer_27,Optimizer,post,,,0,0,0,0.001,34.22
cell,17,optimizer_28,Optimizer,post,,,0,0,0,0.001,34.22
cell,17,optimizer_29,Optimizer,post,,,0,0,0,0.001,34.22
cell,17,optimizer_30,Optimizer,post,,,0,0,0,0.001,34.22
cell,17,optimizer_31,Optimizer,post,,,0,0,0,0.001,34.22
cell,17,optimizer_32,Optimizer,post,,,0,0,0,0.001,34.22
cell,17,optimizer_33,Optimizer,post,,,0,0,0,0.001,34.22
cell,17,optimizer_34,Optimizer,post,,,0,0,0,0.001,34.22
cell,17,optimizer_35,Optimizer,post,,,0,0,0,0.001,34.22
cell,17,optimizer_36,Optimizer,post,,,0,0,0,0.001,34.22
cell,17,optimizer_37,Optimizer,post,,,0,0,0,0.001,34.22
cell,17,optimizer_38,Optimizer,post,,,0,0,0,0.001,34.22
cell,17,optimizer_39,Optimizer,post,,,0,0,0,0.001,34.22
cell,17,optimizer_40,Optimizer,post,,,0,0,0,0.001,34.22
cell,17,optimizer_41,Optimizer,post,,,0,0,0,0.001,34.22
cell,17,optimizer_42,Optimizer,post,,,0,0,0,0.001,34.22
cell,17,optimizer_43,Optimizer,post,,,0,0,0,0.001,34.22
cell,17,optimizer_44,Optimizer,post,,,0,0,0,0.001,34.22
cell,17,optimizer_45,Optimizer,post,,,0,0,0,0.001,34.22
cell,17,optimizer_46,Optimizer,post,,,0,0,0,0.001,34.22
cell,17,optimizer_47,Optimizer,post,,,0,0,0,0.001,34.22
cell,17,optimizer_48,Optimizer,post,,,0,0,0,0.001,34.22
cell,17,optimizer_49,Optimizer,post,,,0,0,0,0.001,34.22
cell,17,optimizer_50,Optimizer,post,,,0,0,0,0.001,34.22
cell,17,optimizer_51,Optimizer,post,,,0,0,0,0.001,34.22
cell,17,optimizer_52,Optimizer,post,,,0,0,0,0.001,34.22
cell,17,optimizer_53,Optimizer,post,,,0,0,0,0.001,34.22
cell,17,optimizer_54,Optimizer,post,,,0,0,0,0.001,34.22
cell,17,optimizer_55,Optimizer,post,,,0,0,0,0.001,34.22
cell,17,optimizer_56,Optimizer,post,,,0,0,0,0.001,34.22
cell,17,optimizer_57,Optimizer,post,,,0,0,0,0.001,34.22
cell,17,optimizer_58,Optimizer,post,,,0,0,0,0.001,34.22
cell,17,optimizer_59,Optimizer,post,,,0,0,0,0.001,34.22
cell,17,optimizer_60,Optimizer,post,,,0,0,0,0.001,34.22
cell,17,optimizer_61,Optimizer,post,,,0,0,0,0.001,34.22
cell,17,optimizer_62,Optimizer,post,,,0,0,0,0.001,34.22
cell,17,optimizer_63,Optimizer,post,,,0,0,0,0.001,34.22
cell,17,optimizer_64,Optimizer,post,,,0,0,0,0.001,34.22
cell,17,optimizer_65,Optimizer,post,,,0,0,0,0.001,34.22
cell,17,optimizer_66,Optimizer,post,,,0,0,0,0.001,34.22
cell,17,optimizer_67,Optimizer,post,,,0,0,0,0.001,34.22
cell,17,optimizer_68,Optimizer,post,,,0,0,0,0.001,34.22
cell,17,optimizer_69,Optimizer,post,,,0,0,0,0.001,34.22
cell,17,optimizer_70,Optimizer,post,,,0,0,0,0.001,34.22
cell,17,optimizer_71,Optimizer,post,,,0,0,0,0.001,34.22
cell,17,optimizer_72,Optimizer,post,,,0,0,0,0.001,34.22
